timestamp,Actual,Predicted
2024-06-01 18:02:38.855,391.880224,391.46234
2024-06-01 18:02:39.367,391.880224,391.46234
2024-06-01 18:02:39.879,381.364986,380.9623
2024-06-01 18:02:40.391,381.364986,380.9623
2024-06-01 18:02:40.903,381.364986,380.9623
2024-06-01 18:02:41.415,381.364986,380.9623
2024-06-01 18:02:41.927,402.395461,402.15027
2024-06-01 18:02:42.439,402.395461,402.15027
2024-06-01 18:02:42.951,402.395461,401.789
2024-06-01 18:05:43.685,402.395461,401.789
2024-06-01 18:05:44.197,433.941174,433.63074
2024-06-01 18:05:44.709,433.191218,433.63074
2024-06-01 18:05:45.221,433.191218,433.63074
2024-06-01 18:05:45.733,433.191218,433.63074
2024-06-01 18:05:46.245,422.694153,424.00458
2024-06-01 18:05:46.757,422.694153,424.00458
2024-06-01 18:05:47.269,422.694153,424.00458
2024-06-01 18:05:47.781,422.694153,424.00458
2024-06-01 18:05:48.293,433.191218,433.63074
2024-06-01 18:05:48.805,432.441261,433.63074
2024-06-01 18:05:49.317,432.441261,433.63074
2024-06-01 18:05:49.829,432.441261,433.63074
2024-06-01 18:05:50.341,411.483477,413.19525
2024-06-01 18:05:50.853,412.197088,413.19525
2024-06-01 18:05:51.365,412.197088,413.19525
2024-06-01 18:05:51.877,412.197088,413.19525
2024-06-01 18:05:52.389,422.694153,424.00458
2024-06-01 18:05:52.901,422.694153,424.00458
2024-06-01 18:05:53.413,422.694153,424.00458
2024-06-01 18:05:53.925,422.694153,424.00458
2024-06-01 18:05:54.437,422.694153,424.00458
2024-06-01 18:05:54.949,422.694153,424.00458
2024-06-01 18:05:55.461,422.694153,424.00458
2024-06-01 18:05:55.973,422.694153,424.00458
2024-06-01 18:05:56.485,422.694153,424.00458
2024-06-01 18:05:56.997,422.694153,424.00458
2024-06-01 18:05:57.509,422.694153,424.00458
2024-06-01 18:05:58.021,422.694153,424.00458
2024-06-01 18:05:58.533,433.191218,433.63074
2024-06-01 18:05:59.045,433.191218,433.63074
2024-06-01 18:05:59.557,433.191218,433.39075
2024-06-01 18:09:00.291,433.191218,433.39075
2024-06-01 18:09:00.803,401.700023,402.59274
2024-06-01 18:09:01.315,401.700023,402.59274
2024-06-01 18:09:01.827,401.700023,402.59274
2024-06-01 18:09:02.339,401.700023,402.59274
2024-06-01 18:09:02.851,380.705894,381.00977
2024-06-01 18:09:03.363,380.705894,381.00977
2024-06-01 18:09:03.875,380.705894,381.00977
2024-06-01 18:09:04.387,380.705894,381.00977
2024-06-01 18:09:04.899,370.208829,370.32715
2024-06-01 18:09:05.411,370.208829,370.32715
2024-06-01 18:09:05.923,370.208829,370.32715
2024-06-01 18:09:06.435,370.208829,370.32715
2024-06-01 18:09:06.947,370.208829,370.32715
2024-06-01 18:09:07.459,370.208829,370.32715
2024-06-01 18:09:07.971,370.208829,370.32715
2024-06-01 18:09:08.483,370.208829,370.32715
2024-06-01 18:09:08.995,380.705894,381.00977
2024-06-01 18:09:09.507,380.705894,381.00977
2024-06-01 18:09:10.019,380.705894,381.00977
2024-06-01 18:09:10.531,380.705894,381.00977
2024-06-01 18:09:11.043,380.705894,381.0098
2024-06-01 18:09:11.555,380.705894,381.0098
2024-06-01 18:09:12.067,380.705894,381.00977
2024-06-01 18:09:12.579,380.705894,381.00977
2024-06-01 18:09:13.091,380.705894,381.00977
2024-06-01 18:09:13.603,380.705894,381.00977
2024-06-01 18:09:14.115,380.705894,381.00977
2024-06-01 18:09:14.627,380.705894,381.00977
2024-06-01 18:09:15.139,380.705894,381.00977
2024-06-01 18:09:15.651,380.705894,381.00977
2024-06-01 18:09:16.163,380.705894,381.02277
2024-06-01 18:12:16.897,380.705894,381.02277
2024-06-01 18:12:17.409,338.717635,339.31458
2024-06-01 18:12:17.921,338.717635,339.31458
2024-06-01 18:12:18.433,338.717635,339.31458
2024-06-01 18:12:18.945,338.717635,339.31458
2024-06-01 18:12:19.457,338.717635,339.31458
2024-06-01 18:12:19.969,338.717635,339.31458
2024-06-01 18:12:20.481,338.717635,339.31458
2024-06-01 18:12:20.993,338.717635,339.31458
2024-06-01 18:12:21.505,328.22057,328.8875
2024-06-01 18:12:22.017,328.22057,328.8875
2024-06-01 18:12:22.529,328.22057,328.8875
2024-06-01 18:12:23.041,328.22057,328.8875
2024-06-01 18:12:23.553,317.723506,318.46045
2024-06-01 18:12:24.065,317.723506,318.46045
2024-06-01 18:12:24.577,317.723506,318.46045
2024-06-01 18:12:25.089,317.723506,318.46045
2024-06-01 18:12:25.601,328.22057,328.8875
2024-06-01 18:12:26.113,328.22057,328.8875
2024-06-01 18:12:26.625,328.22057,328.8875
2024-06-01 18:12:27.137,328.22057,328.8875
2024-06-01 18:12:27.649,338.717635,339.31458
2024-06-01 18:12:28.161,338.717635,339.31458
2024-06-01 18:12:28.673,338.717635,339.31458
2024-06-01 18:12:29.185,338.717635,339.31458
2024-06-01 18:12:29.697,317.723506,318.46045
2024-06-01 18:12:30.209,317.723506,318.46045
2024-06-01 18:12:30.721,317.723506,318.46045
2024-06-01 18:12:31.233,317.723506,318.46045
2024-06-01 18:12:31.745,328.22057,328.8875
2024-06-01 18:12:32.257,328.22057,328.8875
2024-06-01 18:12:32.769,328.22057,328.44818
2024-06-01 18:15:33.503,328.22057,328.44818
2024-06-01 18:15:34.015,265.238182,266.45728
2024-06-01 18:15:34.527,265.238182,266.45728
2024-06-01 18:15:35.039,265.238182,266.45728
2024-06-01 18:15:35.551,265.238182,266.45728
2024-06-01 18:15:36.063,275.735247,276.39575
2024-06-01 18:15:36.575,275.735247,276.39575
2024-06-01 18:15:37.087,275.735247,276.39575
2024-06-01 18:15:37.599,275.735247,276.39575
2024-06-01 18:15:38.111,265.238182,266.45728
2024-06-01 18:15:38.623,265.238182,266.45728
2024-06-01 18:15:39.135,265.238182,266.45728
2024-06-01 18:15:39.647,265.238182,266.45728
2024-06-01 18:15:40.159,286.232311,286.74
2024-06-01 18:15:40.671,286.232311,286.74
2024-06-01 18:15:41.183,286.232311,286.74
2024-06-01 18:15:41.695,286.232311,286.74
2024-06-01 18:15:42.207,275.735247,276.39575
2024-06-01 18:15:42.719,275.735247,276.39575
2024-06-01 18:15:43.231,275.735247,276.39575
2024-06-01 18:15:43.743,275.735247,276.39575
2024-06-01 18:15:44.255,265.238182,266.45728
2024-06-01 18:15:44.767,265.238182,266.45728
2024-06-01 18:15:45.279,265.238182,266.45728
2024-06-01 18:15:45.791,265.238182,266.45728
2024-06-01 18:15:46.303,286.232311,286.74
2024-06-01 18:15:46.815,286.232311,286.74
2024-06-01 18:15:47.327,286.232311,286.74
2024-06-01 18:15:47.839,286.232311,286.74
2024-06-01 18:15:48.351,265.238182,266.45728
2024-06-01 18:15:48.863,265.238182,266.45728
2024-06-01 18:15:49.375,265.238182,265.50516
2024-06-01 18:18:30.141,370.208829,370.57745
2024-06-01 18:18:30.653,369.56791,370.57745
2024-06-01 18:18:31.165,369.56791,370.57745
2024-06-01 18:18:31.677,369.56791,370.57745
2024-06-01 18:18:32.189,369.56791,370.57745
2024-06-01 18:18:32.701,369.56791,370.57745
2024-06-01 18:18:33.213,369.56791,370.57745
2024-06-01 18:18:33.725,369.56791,370.57745
2024-06-01 18:18:34.237,380.046802,381.4021
2024-06-01 18:18:34.749,380.705894,381.4021
2024-06-01 18:18:35.261,380.705894,381.4021
2024-06-01 18:18:35.773,380.705894,381.4021
2024-06-01 18:18:36.285,370.208829,370.57745
2024-06-01 18:18:36.797,369.56791,370.37857
2024-06-01 18:18:37.309,369.56791,370.37857
2024-06-01 18:18:37.821,369.56791,370.57745
2024-06-01 18:18:38.333,359.089018,359.75272
2024-06-01 18:18:38.845,359.089018,359.75272
2024-06-01 18:18:39.357,359.089018,359.75272
2024-06-01 18:18:39.869,359.089018,359.75272
2024-06-01 18:18:40.381,369.56791,370.57745
2024-06-01 18:18:40.893,369.56791,370.5774
2024-06-01 18:18:41.405,369.56791,370.5774
2024-06-01 18:18:41.917,369.56791,370.57745
2024-06-01 18:18:42.429,359.089018,359.75272
2024-06-01 18:18:42.941,359.089018,359.1562
2024-06-01 18:18:43.453,359.089018,359.1562
2024-06-01 18:18:43.965,359.089018,359.75272
2024-06-01 18:18:44.477,380.046802,381.4021
2024-06-01 18:18:44.989,380.046802,381.4021
2024-06-01 18:18:45.501,380.046802,381.4021
2024-06-01 18:18:46.013,380.046802,381.04172
2024-06-01 18:18:46.525,369.56791,370.17975
2024-06-01 18:18:47.037,369.56791,370.57745
2024-06-01 18:18:47.549,369.56791,370.57745
2024-06-01 18:18:48.061,369.56791,370.57745
2024-06-01 18:18:48.573,359.089018,359.75272
2024-06-01 18:18:49.085,359.711764,359.75272
2024-06-01 18:18:49.597,359.711764,360.07346
2024-06-01 18:18:50.109,359.711764,360.07346
2024-06-01 18:18:50.621,370.208829,370.50055
2024-06-01 18:18:51.133,370.208829,370.50055
2024-06-01 18:18:51.645,370.208829,370.50055
2024-06-01 18:18:52.157,370.208829,370.50055
2024-06-01 18:18:52.669,380.705894,380.9276
2024-06-01 18:18:53.181,380.705894,380.9276
2024-06-01 18:18:53.693,380.705894,380.9276
2024-06-01 18:18:54.205,380.705894,380.9276
2024-06-01 18:18:54.717,370.208829,370.50055
2024-06-01 18:18:55.229,370.208829,370.50055
2024-06-01 18:18:55.741,370.208829,370.50055
2024-06-01 18:18:56.253,370.208829,370.50055
2024-06-01 18:18:56.765,370.208829,370.50055
2024-06-01 18:18:57.277,370.208829,370.50058
2024-06-01 18:18:57.789,370.208829,370.50058
2024-06-01 18:18:58.301,370.208829,370.50055
2024-06-01 18:18:58.813,370.208829,370.50055
2024-06-01 18:18:59.325,370.208829,370.50055
2024-06-01 18:18:59.837,370.208829,370.50055
2024-06-01 18:19:00.349,370.208829,370.50055
2024-06-01 18:19:00.861,370.208829,370.50055
2024-06-01 18:19:01.373,369.56791,370.50055
2024-06-01 18:19:01.885,369.56791,370.50055
2024-06-01 18:19:02.397,369.56791,370.50055
2024-06-01 18:19:02.909,369.56791,370.50055
2024-06-01 18:19:03.421,370.208829,370.50055
2024-06-01 18:19:03.933,370.208829,370.50055
2024-06-01 18:19:04.445,370.208829,370.50055
2024-06-01 18:19:04.957,370.208829,370.50055
2024-06-01 18:19:05.469,370.208829,370.50055
2024-06-01 18:19:05.981,370.208829,370.50055
2024-06-01 18:19:06.493,370.208829,370.50055
2024-06-01 18:19:07.005,370.208829,370.50055
2024-06-01 18:19:07.517,370.208829,370.50055
2024-06-01 18:19:08.029,370.208829,370.50055
2024-06-01 18:19:08.541,370.208829,370.50055
2024-06-01 18:19:09.053,370.208829,370.50055
2024-06-01 18:19:09.565,369.56791,370.50055
2024-06-01 18:19:10.077,369.56791,370.50055
2024-06-01 18:19:10.589,369.56791,370.50055
2024-06-01 18:19:11.101,380.046802,380.9276
2024-06-01 18:19:11.613,380.046802,380.9276
2024-06-01 18:19:12.125,380.046802,380.9276
2024-06-01 18:19:12.637,380.046802,380.9276
2024-06-01 18:19:13.149,369.56791,370.50055
2024-06-01 18:19:13.661,369.56791,370.12396
2024-06-01 18:19:14.173,369.56791,370.12396
2024-06-01 18:19:14.685,369.56791,370.50055
2024-06-01 18:19:15.197,380.046802,380.9276
2024-06-01 18:19:15.709,380.705894,380.9276
2024-06-01 18:19:16.221,380.705894,380.9276
2024-06-01 18:19:16.733,380.705894,380.9276
2024-06-01 18:19:17.245,370.208829,370.50055
2024-06-01 18:19:17.757,370.208829,370.50055
2024-06-01 18:19:18.269,370.208829,370.50055
2024-06-01 18:19:18.781,370.208829,370.50055
2024-06-01 18:19:19.293,370.208829,370.50055
2024-06-01 18:19:19.805,370.208829,370.50055
2024-06-01 18:19:20.317,370.208829,370.50055
2024-06-01 18:19:20.829,370.208829,370.50055
2024-06-01 18:19:21.341,380.705894,380.9276
2024-06-01 18:19:21.853,380.046802,380.9276
2024-06-01 18:19:22.365,380.046802,380.9276
2024-06-01 18:19:22.877,380.046802,380.9276
2024-06-01 18:19:23.389,369.56791,370.50055
2024-06-01 18:19:23.901,369.56791,370.50055
2024-06-01 18:19:24.413,369.56791,370.50055
2024-06-01 18:19:24.925,369.56791,370.50055
2024-06-01 18:19:25.437,380.046802,380.9276
2024-06-01 18:19:25.949,380.705894,380.9276
2024-06-01 18:19:26.461,380.705894,380.9276
2024-06-01 18:19:26.973,380.705894,380.17444
2024-06-01 18:19:27.485,370.208829,369.74738
2024-06-01 18:19:27.997,370.208829,370.50055
2024-06-01 18:19:28.509,370.208829,370.50055
2024-06-01 18:19:29.021,370.208829,370.50055
2024-06-01 18:19:29.533,359.711764,360.07346
2024-06-01 18:19:30.045,359.711764,360.07352
2024-06-01 18:19:30.557,359.711764,360.07352
2024-06-01 18:19:31.069,359.711764,360.07346
2024-06-01 18:19:31.581,380.705894,380.9276
2024-06-01 18:19:32.093,380.046802,380.9276
2024-06-01 18:19:32.605,380.046802,380.9276
2024-06-01 18:19:33.117,380.046802,380.9276
2024-06-01 18:19:33.629,369.56791,370.50055
2024-06-01 18:19:34.141,369.56791,370.50055
2024-06-01 18:19:34.652,369.56791,370.50055
2024-06-01 18:19:35.164,369.56791,370.50055
2024-06-01 18:19:35.676,380.046802,380.9276
2024-06-01 18:19:36.188,380.705894,380.9276
2024-06-01 18:19:36.700,380.705894,380.9276
2024-06-01 18:19:37.212,380.705894,380.9276
2024-06-01 18:19:37.724,370.208829,370.50055
2024-06-01 18:19:38.236,369.56791,370.50055
2024-06-01 18:19:38.748,369.56791,370.50055
2024-06-01 18:19:39.260,369.56791,370.50055
2024-06-01 18:19:39.772,359.089018,360.07346
2024-06-01 18:19:40.284,359.711764,360.07346
2024-06-01 18:19:40.796,359.711764,360.07346
2024-06-01 18:19:41.308,359.711764,360.07346
2024-06-01 18:19:41.820,391.202959,391.35468
2024-06-01 18:19:42.332,390.525694,391.35468
2024-06-01 18:19:42.844,390.525694,391.35468
2024-06-01 18:19:43.356,390.525694,391.35468
2024-06-01 18:19:43.868,359.089018,360.07346
2024-06-01 18:19:44.380,359.089018,360.07346
2024-06-01 18:19:44.892,359.089018,360.07346
2024-06-01 18:19:45.404,359.089018,360.07346
2024-06-01 18:19:45.916,369.56791,370.50055
2024-06-01 18:19:46.428,369.56791,370.50058
2024-06-01 18:19:46.940,369.56791,370.50058
2024-06-01 18:19:47.452,369.56791,370.50055
2024-06-01 18:19:47.964,359.089018,360.07346
2024-06-01 18:19:48.476,359.089018,360.07346
2024-06-01 18:19:48.988,359.089018,360.07346
2024-06-01 18:19:49.500,359.089018,360.07346
2024-06-01 18:19:50.012,348.610126,349.64645
2024-06-01 18:19:50.524,349.2147,349.64645
2024-06-01 18:19:51.036,349.2147,349.64645
2024-06-01 18:19:51.548,349.2147,349.64645
2024-06-01 18:19:52.060,391.202959,391.35468
2024-06-01 18:19:52.572,390.525694,391.35468
2024-06-01 18:19:53.084,390.525694,391.35468
2024-06-01 18:19:53.596,390.525694,391.35468
2024-06-01 18:19:54.108,348.610126,349.64645
2024-06-01 18:19:54.620,348.610126,349.64645
2024-06-01 18:19:55.132,348.610126,349.57324
2024-06-01 18:19:55.644,348.610126,349.57324
2024-06-01 18:19:56.156,359.089018,360.00024
2024-06-01 18:19:56.668,359.711764,360.00024
2024-06-01 18:19:57.180,359.711764,360.00024
2024-06-01 18:19:57.692,359.711764,360.00024
2024-06-01 18:19:58.204,359.711764,360.00024
2024-06-01 18:19:58.716,359.711764,360.00024
2024-06-01 18:19:59.228,359.711764,360.00024
2024-06-01 18:19:59.740,359.711764,360.00024
2024-06-01 18:20:00.252,349.2147,349.57324
2024-06-01 18:20:00.764,349.2147,349.57324
2024-06-01 18:20:01.276,349.2147,349.57324
2024-06-01 18:20:01.788,349.2147,349.57324
2024-06-01 18:20:02.300,391.202959,391.42645
2024-06-01 18:20:02.812,391.202959,391.42642
2024-06-01 18:20:03.324,391.202959,391.42642
2024-06-01 18:20:03.836,391.202959,391.42645
2024-06-01 18:20:04.348,359.711764,360.00024
2024-06-01 18:20:04.860,359.711764,360.00024
2024-06-01 18:20:05.372,359.711764,360.00024
2024-06-01 18:20:05.884,359.711764,360.00024
2024-06-01 18:20:06.396,349.2147,349.57324
2024-06-01 18:20:06.908,348.610126,349.57324
2024-06-01 18:20:07.420,348.610126,349.57324
2024-06-01 18:20:07.932,348.610126,349.57324
2024-06-01 18:20:08.444,359.089018,360.00024
2024-06-01 18:20:08.956,359.711764,360.00024
2024-06-01 18:20:09.468,359.711764,360.00024
2024-06-01 18:20:09.980,359.711764,360.00024
2024-06-01 18:20:10.492,349.2147,349.57324
2024-06-01 18:20:11.004,349.2147,349.57324
2024-06-01 18:20:11.516,349.2147,349.57324
2024-06-01 18:20:12.028,349.2147,349.57324
2024-06-01 18:20:12.540,380.705894,380.85437
2024-06-01 18:20:13.052,380.705894,380.85437
2024-06-01 18:20:13.564,380.705894,380.85437
2024-06-01 18:20:14.076,380.705894,380.85437
2024-06-01 18:20:14.588,359.711764,360.00024
2024-06-01 18:20:15.100,359.089018,360.00024
2024-06-01 18:20:15.612,359.089018,360.00024
2024-06-01 18:20:16.124,359.089018,360.00024
2024-06-01 18:20:16.636,359.089018,360.00024
2024-06-01 18:20:17.148,359.711764,360.00024
2024-06-01 18:20:17.660,359.711764,360.00024
2024-06-01 18:20:18.172,359.711764,360.00024
2024-06-01 18:20:18.684,349.2147,349.57324
2024-06-01 18:20:19.196,349.2147,349.57324
2024-06-01 18:20:19.708,349.2147,349.57324
2024-06-01 18:20:20.220,349.2147,349.57324
2024-06-01 18:20:20.732,359.711764,360.00024
2024-06-01 18:20:21.244,359.711764,360.00024
2024-06-01 18:20:21.756,359.711764,360.00024
2024-06-01 18:20:22.268,359.711764,360.00024
2024-06-01 18:20:22.780,370.208829,370.42734
2024-06-01 18:20:23.292,370.208829,370.42734
2024-06-01 18:20:23.804,370.208829,370.42734
2024-06-01 18:20:24.316,370.208829,370.42734
2024-06-01 18:20:24.828,349.2147,349.57324
2024-06-01 18:20:25.340,348.610126,349.57324
2024-06-01 18:20:25.852,348.610126,349.57324
2024-06-01 18:20:26.364,348.610126,349.57324
2024-06-01 18:20:26.876,359.089018,360.00024
2024-06-01 18:20:27.388,359.711764,360.00024
2024-06-01 18:20:27.900,359.711764,360.00024
2024-06-01 18:20:28.412,359.711764,360.00024
2024-06-01 18:20:28.924,359.711764,360.00024
2024-06-01 18:20:29.436,359.089018,360.00024
2024-06-01 18:20:29.948,359.089018,360.00024
2024-06-01 18:20:30.460,359.089018,360.00024
2024-06-01 18:20:30.972,359.089018,360.00024
2024-06-01 18:20:31.484,359.089018,360.00024
2024-06-01 18:20:31.996,359.089018,360.00024
2024-06-01 18:20:32.508,359.089018,360.00024
2024-06-01 18:20:33.020,369.56791,370.42734
2024-06-01 18:20:33.532,370.208829,370.42734
2024-06-01 18:20:34.044,370.208829,370.42734
2024-06-01 18:20:34.556,370.208829,370.42734
2024-06-01 18:20:35.068,359.711764,360.00024
2024-06-01 18:20:35.580,359.711764,360.00027
2024-06-01 18:20:36.092,359.711764,360.00027
2024-06-01 18:20:36.604,359.711764,360.00024
2024-06-01 18:20:37.116,349.2147,349.57324
2024-06-01 18:20:37.628,349.2147,349.57324
2024-06-01 18:20:38.140,349.2147,349.57324
2024-06-01 18:20:38.652,349.2147,349.57324
2024-06-01 18:20:39.164,359.711764,360.00024
2024-06-01 18:20:39.676,359.711764,360.00024
2024-06-01 18:20:40.188,359.711764,360.00024
2024-06-01 18:20:40.700,359.711764,360.00024
2024-06-01 18:20:41.212,349.2147,349.57324
2024-06-01 18:20:41.724,349.2147,349.57324
2024-06-01 18:20:42.236,349.2147,349.57324
2024-06-01 18:20:42.748,349.2147,349.57324
2024-06-01 18:20:43.260,370.208829,370.42734
2024-06-01 18:20:43.772,370.208829,370.42734
2024-06-01 18:20:44.284,370.208829,370.42734
2024-06-01 18:20:44.796,370.208829,370.42734
2024-06-01 18:20:45.308,359.711764,360.00024
2024-06-01 18:20:45.820,359.711764,360.00024
2024-06-01 18:20:46.332,359.711764,360.00024
2024-06-01 18:20:46.844,359.711764,360.00024
2024-06-01 18:20:47.356,359.711764,360.00024
2024-06-01 18:20:47.868,359.711764,360.00024
2024-06-01 18:20:48.380,359.711764,360.00024
2024-06-01 18:20:48.892,359.711764,360.00024
2024-06-01 18:20:49.404,359.711764,360.00024
2024-06-01 18:20:49.916,359.089018,360.00024
2024-06-01 18:20:50.428,359.089018,360.00024
2024-06-01 18:20:50.940,359.089018,360.00024
2024-06-01 18:20:51.452,359.089018,360.00024
2024-06-01 18:20:51.964,359.711764,360.00027
2024-06-01 18:20:52.476,359.711764,360.00027
2024-06-01 18:20:52.988,359.711764,360.00024
2024-06-01 18:20:53.500,370.208829,370.42734
2024-06-01 18:20:54.012,369.56791,370.42734
2024-06-01 18:20:54.524,369.56791,370.42734
2024-06-01 18:20:55.036,369.56791,370.42734
2024-06-01 18:20:55.548,369.56791,370.42734
2024-06-01 18:20:56.060,370.208829,370.42734
2024-06-01 18:20:56.572,370.208829,370.42734
2024-06-01 18:20:57.084,370.208829,370.42734
2024-06-01 18:20:57.596,380.705894,380.85437
2024-06-01 18:20:58.108,380.705894,380.85437
2024-06-01 18:20:58.620,380.705894,380.85437
2024-06-01 18:20:59.132,380.705894,380.85437
2024-06-01 18:20:59.644,359.711764,360.00024
2024-06-01 18:21:00.156,359.711764,360.00024
2024-06-01 18:21:00.668,359.711764,360.00024
2024-06-01 18:21:01.180,359.711764,360.00024
2024-06-01 18:21:01.692,370.208829,370.42734
2024-06-01 18:21:02.204,370.208829,370.42734
2024-06-01 18:21:02.716,370.208829,370.42734
2024-06-01 18:21:03.228,370.208829,370.42734
2024-06-01 18:21:03.740,370.208829,370.42734
2024-06-01 18:21:04.252,370.208829,370.42734
2024-06-01 18:21:04.764,370.208829,370.42734
2024-06-01 18:21:05.276,370.208829,370.42734
2024-06-01 18:21:05.788,370.208829,370.42734
2024-06-01 18:21:06.300,370.208829,370.42734
2024-06-01 18:21:06.812,370.208829,370.42734
2024-06-01 18:21:07.323,370.208829,370.42734
2024-06-01 18:21:07.835,359.711764,360.00024
2024-06-01 18:21:08.347,359.711764,360.00027
2024-06-01 18:21:08.859,359.711764,360.00027
2024-06-01 18:21:09.371,359.711764,360.00024
2024-06-01 18:21:09.883,359.711764,360.00024
2024-06-01 18:21:10.395,359.711764,360.00024
2024-06-01 18:21:10.907,359.711764,360.00024
2024-06-01 18:21:11.419,359.711764,360.00024
2024-06-01 18:21:11.931,359.711764,360.00024
2024-06-01 18:21:12.443,359.711764,360.00024
2024-06-01 18:21:12.955,359.711764,360.00024
2024-06-01 18:21:13.467,359.711764,360.00024
2024-06-01 18:21:13.979,370.208829,370.42734
2024-06-01 18:21:14.491,369.56791,370.42734
2024-06-01 18:21:15.003,369.56791,370.42734
2024-06-01 18:21:15.515,369.56791,368.9817
2024-06-01 18:21:16.027,442.920153,443.82925
2024-06-01 18:21:16.539,443.688282,445.0068
2024-06-01 18:21:17.051,443.688282,445.0068
2024-06-01 18:21:17.563,443.688282,445.0068
2024-06-01 18:21:18.075,349.2147,349.57324
2024-06-01 18:21:18.587,349.2147,349.57324
2024-06-01 18:21:19.099,349.2147,349.57324
2024-06-01 18:21:19.611,349.2147,349.57324
2024-06-01 18:21:20.123,359.711764,360.00024
2024-06-01 18:21:20.635,359.711764,360.00024
2024-06-01 18:21:21.147,359.711764,360.00024
2024-06-01 18:21:21.659,359.711764,360.00024
2024-06-01 18:21:22.171,370.208829,370.42734
2024-06-01 18:21:22.683,370.208829,370.42734
2024-06-01 18:21:23.195,370.208829,370.42734
2024-06-01 18:21:23.707,370.208829,370.42734
2024-06-01 18:21:24.219,370.208829,370.42734
2024-06-01 18:21:24.731,370.208829,370.42737
2024-06-01 18:21:25.243,370.208829,370.42737
2024-06-01 18:21:25.755,370.208829,370.42734
2024-06-01 18:21:26.267,380.705894,380.85437
2024-06-01 18:21:26.779,380.705894,380.85437
2024-06-01 18:21:27.291,380.705894,380.85437
2024-06-01 18:21:27.803,380.705894,380.85437
2024-06-01 18:21:28.315,359.711764,360.00024
2024-06-01 18:21:28.827,359.711764,360.00024
2024-06-01 18:21:29.339,359.711764,360.00024
2024-06-01 18:21:29.851,359.711764,360.00024
2024-06-01 18:21:30.363,349.2147,349.57324
2024-06-01 18:21:30.875,349.2147,349.57324
2024-06-01 18:21:31.387,349.2147,349.57324
2024-06-01 18:21:31.899,349.2147,349.57324
2024-06-01 18:21:32.411,359.711764,360.00024
2024-06-01 18:21:32.923,359.711764,360.00024
2024-06-01 18:21:33.435,359.711764,360.00024
2024-06-01 18:21:33.947,359.711764,360.00024
2024-06-01 18:21:34.459,359.711764,360.00024
2024-06-01 18:21:34.971,359.711764,360.00024
2024-06-01 18:21:35.483,359.711764,360.00024
2024-06-01 18:21:35.995,359.711764,360.00024
2024-06-01 18:21:36.507,370.208829,370.42734
2024-06-01 18:21:37.019,370.208829,370.42734
2024-06-01 18:21:37.531,370.208829,370.42734
2024-06-01 18:21:38.043,370.208829,370.42734
2024-06-01 18:21:38.555,359.711764,360.00024
2024-06-01 18:21:39.067,359.711764,360.00024
2024-06-01 18:21:39.579,359.711764,360.00024
2024-06-01 18:21:40.091,359.711764,360.00024
2024-06-01 18:21:40.603,359.711764,360.00024
2024-06-01 18:21:41.115,359.089018,359.62366
2024-06-01 18:21:41.627,359.089018,359.62366
2024-06-01 18:21:42.139,359.089018,360.00024
2024-06-01 18:21:42.651,348.610126,349.57324
2024-06-01 18:21:43.163,349.2147,349.57324
2024-06-01 18:21:43.675,349.2147,349.57324
2024-06-01 18:21:44.187,349.2147,349.57324
2024-06-01 18:21:44.699,359.711764,360.00024
2024-06-01 18:21:45.211,359.711764,360.00024
2024-06-01 18:21:45.723,359.711764,360.00024
2024-06-01 18:21:46.235,359.711764,360.00024
2024-06-01 18:21:46.747,380.705894,380.85437
2024-06-01 18:21:47.259,380.705894,380.85437
2024-06-01 18:21:47.771,380.705894,380.85437
2024-06-01 18:21:48.283,380.705894,380.85437
2024-06-01 18:21:48.795,359.711764,360.00024
2024-06-01 18:21:49.307,359.711764,360.00024
2024-06-01 18:21:49.819,359.711764,360.00024
2024-06-01 18:21:50.331,359.711764,360.00024
2024-06-01 18:21:50.843,359.711764,360.00024
2024-06-01 18:21:51.355,359.711764,360.00024
2024-06-01 18:21:51.867,359.711764,360.00024
2024-06-01 18:21:52.379,359.711764,360.00024
2024-06-01 18:21:52.891,370.208829,370.42734
2024-06-01 18:21:53.403,370.208829,370.42734
2024-06-01 18:21:53.915,370.208829,370.42734
2024-06-01 18:21:54.427,370.208829,370.42734
2024-06-01 18:21:54.939,359.711764,360.00024
2024-06-01 18:21:55.451,359.711764,360.00024
2024-06-01 18:21:55.963,359.711764,360.00024
2024-06-01 18:21:56.475,359.711764,360.00024
2024-06-01 18:21:56.987,349.2147,349.57324
2024-06-01 18:21:57.499,349.2147,349.57324
2024-06-01 18:21:58.011,349.2147,349.57324
2024-06-01 18:21:58.523,349.2147,349.57324
2024-06-01 18:21:59.035,317.723506,318.29208
2024-06-01 18:21:59.547,317.173451,317.9155
2024-06-01 18:22:00.059,317.173451,317.9155
2024-06-01 18:22:00.571,317.173451,318.29208
2024-06-01 18:22:01.083,327.652343,328.71912
2024-06-01 18:22:01.595,327.652343,328.71912
2024-06-01 18:22:02.107,327.652343,328.71912
2024-06-01 18:22:02.619,327.652343,328.71912
2024-06-01 18:22:03.131,338.131235,339.14618
2024-06-01 18:22:03.643,338.131235,339.14618
2024-06-01 18:22:04.155,338.131235,339.14618
2024-06-01 18:22:04.667,338.131235,339.14618
2024-06-01 18:22:05.179,338.131235,339.14618
2024-06-01 18:22:05.691,338.131235,339.14618
2024-06-01 18:22:06.203,338.131235,338.88257
2024-06-01 18:22:06.715,338.131235,338.88257
2024-06-01 18:22:07.227,327.652343,328.4555
2024-06-01 18:22:07.739,327.652343,328.4555
2024-06-01 18:22:08.251,327.652343,328.4555
2024-06-01 18:22:08.763,327.652343,328.4555
2024-06-01 18:22:09.275,327.652343,328.4555
2024-06-01 18:22:09.787,328.22057,328.4555
2024-06-01 18:22:10.299,328.22057,328.4555
2024-06-01 18:22:10.811,328.22057,328.4555
2024-06-01 18:22:11.323,328.22057,328.4555
2024-06-01 18:22:11.835,327.652343,328.4555
2024-06-01 18:22:12.347,327.652343,328.4555
2024-06-01 18:22:12.859,327.652343,328.4555
2024-06-01 18:22:13.371,327.652343,328.4555
2024-06-01 18:22:13.883,327.652343,328.4555
2024-06-01 18:22:14.395,327.652343,328.4555
2024-06-01 18:22:14.907,327.652343,328.4555
2024-06-01 18:22:15.419,348.610126,349.30963
2024-06-01 18:22:15.931,349.2147,348.55646
2024-06-01 18:22:16.443,349.2147,348.55646
2024-06-01 18:22:16.955,349.2147,349.30963
2024-06-01 18:22:17.467,328.22057,328.4555
2024-06-01 18:22:17.979,327.652343,328.4555
2024-06-01 18:22:18.491,327.652343,328.4555
2024-06-01 18:22:19.003,327.652343,328.4555
2024-06-01 18:22:19.515,285.736775,286.7473
2024-06-01 18:22:20.027,285.736775,286.7473
2024-06-01 18:22:20.539,285.736775,286.7473
2024-06-01 18:22:21.051,285.736775,286.7473
2024-06-01 18:22:21.563,296.215667,297.17438
2024-06-01 18:22:22.075,296.729376,297.17438
2024-06-01 18:22:22.587,296.729376,297.17438
2024-06-01 18:22:23.099,296.729376,297.17438
2024-06-01 18:22:23.611,296.729376,297.17438
2024-06-01 18:22:24.123,296.729376,297.17438
2024-06-01 18:22:24.635,296.729376,297.17438
2024-06-01 18:22:25.147,296.729376,297.17438
2024-06-01 18:22:25.659,307.226441,307.60144
2024-06-01 18:22:26.171,307.226441,307.60144
2024-06-01 18:22:26.683,307.226441,307.60144
2024-06-01 18:22:27.195,307.226441,307.60144
2024-06-01 18:22:27.707,307.226441,307.60144
2024-06-01 18:22:28.219,306.694559,307.60144
2024-06-01 18:22:28.731,306.694559,307.60144
2024-06-01 18:22:29.243,306.694559,307.60144
2024-06-01 18:22:29.755,285.736775,286.7473
2024-06-01 18:22:30.267,286.232311,286.7473
2024-06-01 18:22:30.779,286.232311,286.7473
2024-06-01 18:22:31.291,286.232311,286.7473
2024-06-01 18:22:31.803,296.729376,297.17438
2024-06-01 18:22:32.315,296.729376,297.17438
2024-06-01 18:22:32.827,296.729376,297.17438
2024-06-01 18:22:33.339,296.729376,297.17438
2024-06-01 18:22:33.851,286.232311,286.7473
2024-06-01 18:22:34.363,286.232311,286.7473
2024-06-01 18:22:34.875,286.232311,286.7473
2024-06-01 18:22:35.387,286.232311,286.7473
2024-06-01 18:22:35.899,296.729376,297.17438
2024-06-01 18:22:36.411,296.729376,297.17438
2024-06-01 18:22:36.923,296.729376,297.17438
2024-06-01 18:22:37.435,296.729376,297.17438
2024-06-01 18:22:37.947,307.226441,307.60144
2024-06-01 18:22:38.459,307.226441,307.60144
2024-06-01 18:22:38.971,307.226441,307.3378
2024-06-01 18:22:39.482,307.226441,307.3378
2024-06-01 18:22:39.994,296.729376,296.91077
2024-06-01 18:22:40.506,296.729376,296.91077
2024-06-01 18:22:41.018,296.729376,296.91077
2024-06-01 18:22:41.530,296.729376,296.91077
2024-06-01 18:22:42.042,286.232311,286.48376
2024-06-01 18:22:42.554,286.232311,286.48376
2024-06-01 18:22:43.066,286.232311,286.48376
2024-06-01 18:22:43.578,286.232311,286.48376
2024-06-01 18:22:44.090,296.729376,296.91077
2024-06-01 18:22:44.602,296.729376,296.91077
2024-06-01 18:22:45.114,296.729376,296.91077
2024-06-01 18:22:45.626,296.729376,296.91077
2024-06-01 18:22:46.138,307.226441,307.3378
2024-06-01 18:22:46.650,307.226441,307.33783
2024-06-01 18:22:47.162,307.226441,307.33783
2024-06-01 18:22:47.674,307.226441,307.3378
2024-06-01 18:22:48.186,296.729376,296.91077
2024-06-01 18:22:48.698,296.215667,296.91077
2024-06-01 18:22:49.210,296.215667,296.91077
2024-06-01 18:22:49.722,296.215667,296.91077
2024-06-01 18:22:50.234,296.215667,296.91077
2024-06-01 18:22:50.746,296.215667,296.91077
2024-06-01 18:22:51.258,296.215667,296.91077
2024-06-01 18:22:51.770,296.215667,296.91077
2024-06-01 18:22:52.282,285.736775,286.48376
2024-06-01 18:22:52.794,286.232311,286.48376
2024-06-01 18:22:53.306,286.232311,286.48376
2024-06-01 18:22:53.818,286.232311,286.48376
2024-06-01 18:22:54.330,275.735247,276.0567
2024-06-01 18:22:54.842,275.257884,276.0567
2024-06-01 18:22:55.354,275.257884,276.0567
2024-06-01 18:22:55.866,275.257884,276.0567
2024-06-01 18:22:56.378,306.694559,307.3378
2024-06-01 18:22:56.890,307.226441,307.3378
2024-06-01 18:22:57.402,307.226441,307.3378
2024-06-01 18:22:57.914,307.226441,307.3378
2024-06-01 18:22:58.426,307.226441,307.3378
2024-06-01 18:22:58.938,306.694559,307.3378
2024-06-01 18:22:59.450,306.694559,307.3378
2024-06-01 18:22:59.962,306.694559,307.3378
2024-06-01 18:23:00.474,285.736775,286.48376
2024-06-01 18:23:00.986,285.736775,286.48376
2024-06-01 18:23:01.498,285.736775,286.48376
2024-06-01 18:23:02.010,285.736775,286.48376
2024-06-01 18:23:02.522,296.215667,296.91077
2024-06-01 18:23:03.034,296.729376,296.91077
2024-06-01 18:23:03.546,296.729376,296.91077
2024-06-01 18:23:04.058,296.729376,296.91077
2024-06-01 18:23:04.570,296.729376,296.91077
2024-06-01 18:23:05.082,296.729376,296.91077
2024-06-01 18:23:05.594,296.729376,296.91077
2024-06-01 18:23:06.106,296.729376,296.91077
2024-06-01 18:23:06.618,296.729376,296.91077
2024-06-01 18:23:07.130,296.215667,296.91077
2024-06-01 18:23:07.642,296.215667,296.91077
2024-06-01 18:23:08.154,296.215667,296.91077
2024-06-01 18:23:08.666,306.694559,307.3378
2024-06-01 18:23:09.178,306.694559,307.3378
2024-06-01 18:23:09.690,306.694559,307.3378
2024-06-01 18:23:10.202,306.694559,307.3378
2024-06-01 18:23:10.714,285.736775,286.48376
2024-06-01 18:23:11.226,286.232311,286.48376
2024-06-01 18:23:11.738,286.232311,286.48376
2024-06-01 18:23:12.250,286.232311,286.48376
2024-06-01 18:23:12.762,286.232311,286.48376
2024-06-01 18:23:13.274,285.736775,286.10718
2024-06-01 18:23:13.786,285.736775,286.10718
2024-06-01 18:23:14.298,285.736775,286.48376
2024-06-01 18:23:14.810,296.215667,296.91077
2024-06-01 18:23:15.322,296.215667,296.91077
2024-06-01 18:23:15.834,296.215667,296.91077
2024-06-01 18:23:16.346,296.215667,296.91077
2024-06-01 18:23:16.858,296.215667,296.91077
2024-06-01 18:23:17.370,296.729376,296.91077
2024-06-01 18:23:17.882,296.729376,296.91077
2024-06-01 18:23:18.394,296.729376,296.91077
2024-06-01 18:23:18.906,296.729376,296.91077
2024-06-01 18:23:19.418,296.729376,296.91077
2024-06-01 18:23:19.930,296.729376,296.91077
2024-06-01 18:23:20.442,296.729376,296.91077
2024-06-01 18:23:20.954,286.232311,286.48376
2024-06-01 18:23:21.466,285.736775,286.48376
2024-06-01 18:23:21.978,285.736775,286.48376
2024-06-01 18:23:22.490,285.736775,286.48376
2024-06-01 18:23:23.002,275.257884,276.0567
2024-06-01 18:23:23.514,275.735247,276.0567
2024-06-01 18:23:24.026,275.735247,276.0567
2024-06-01 18:23:24.538,275.735247,276.0567
2024-06-01 18:23:25.050,296.729376,296.91077
2024-06-01 18:23:25.562,296.729376,296.91077
2024-06-01 18:23:26.074,296.729376,296.91077
2024-06-01 18:23:26.586,296.729376,296.91077
2024-06-01 18:23:27.098,307.226441,307.3378
2024-06-01 18:23:27.610,307.226441,307.3378
2024-06-01 18:23:28.122,307.226441,307.3378
2024-06-01 18:23:28.634,307.226441,307.3378
2024-06-01 18:23:29.146,286.232311,286.48376
2024-06-01 18:23:29.658,286.232311,286.48376
2024-06-01 18:23:30.170,286.232311,286.48376
2024-06-01 18:23:30.682,286.232311,286.48376
2024-06-01 18:23:31.194,296.729376,296.91077
2024-06-01 18:23:31.706,296.729376,296.91077
2024-06-01 18:23:32.218,296.729376,296.91077
2024-06-01 18:23:32.730,296.729376,296.91077
2024-06-01 18:23:33.242,286.232311,286.48376
2024-06-01 18:23:33.754,286.232311,286.48376
2024-06-01 18:23:34.266,286.232311,286.48376
2024-06-01 18:23:34.778,286.232311,286.48376
2024-06-01 18:23:35.290,296.729376,296.91077
2024-06-01 18:23:35.802,296.215667,295.781
2024-06-01 18:23:36.314,296.215667,295.781
2024-06-01 18:23:36.826,296.215667,296.1576
2024-06-01 18:23:37.338,296.215667,296.1576
2024-06-01 18:23:37.850,296.215667,296.91077
2024-06-01 18:23:38.362,296.215667,296.91077
2024-06-01 18:23:38.874,296.215667,296.91077
2024-06-01 18:23:39.386,285.736775,286.48376
2024-06-01 18:23:39.898,285.736775,286.48376
2024-06-01 18:23:40.410,285.736775,286.48376
2024-06-01 18:23:40.922,285.736775,286.48376
2024-06-01 18:23:41.434,296.215667,296.91077
2024-06-01 18:23:41.946,296.729376,296.91077
2024-06-01 18:23:42.458,296.729376,296.91077
2024-06-01 18:23:42.970,296.729376,296.91077
2024-06-01 18:23:43.482,275.735247,276.0567
2024-06-01 18:23:43.994,275.735247,276.0567
2024-06-01 18:23:44.506,275.735247,276.0567
2024-06-01 18:23:45.018,275.735247,276.0567
2024-06-01 18:23:45.530,286.232311,286.48376
2024-06-01 18:23:46.042,286.232311,286.48376
2024-06-01 18:23:46.554,286.232311,286.48376
2024-06-01 18:23:47.066,286.232311,286.48376
2024-06-01 18:23:47.578,307.226441,307.3378
2024-06-01 18:23:48.090,306.694559,307.3378
2024-06-01 18:23:48.602,306.694559,307.3378
2024-06-01 18:23:49.114,306.694559,307.3378
2024-06-01 18:23:49.626,285.736775,286.48376
2024-06-01 18:23:50.138,286.232311,286.48376
2024-06-01 18:23:50.650,286.232311,286.48376
2024-06-01 18:23:51.162,286.232311,286.48376
2024-06-01 18:23:51.674,296.729376,296.91077
2024-06-01 18:23:52.186,296.729376,296.91077
2024-06-01 18:23:52.698,296.729376,296.91077
2024-06-01 18:23:53.210,296.729376,296.91077
2024-06-01 18:23:53.722,296.729376,296.91077
2024-06-01 18:23:54.234,296.729376,296.91077
2024-06-01 18:23:54.746,296.729376,296.91077
2024-06-01 18:23:55.258,296.729376,296.91077
2024-06-01 18:23:55.770,286.232311,286.48376
2024-06-01 18:23:56.282,286.232311,286.48376
2024-06-01 18:23:56.794,286.232311,286.48376
2024-06-01 18:23:57.306,286.232311,286.48376
2024-06-01 18:23:57.818,307.226441,307.3378
2024-06-01 18:23:58.330,307.226441,307.3378
2024-06-01 18:23:58.842,307.226441,307.3378
2024-06-01 18:23:59.354,307.226441,307.3378
2024-06-01 18:23:59.866,286.232311,286.48376
2024-06-01 18:24:00.378,286.232311,286.48376
2024-06-01 18:24:00.890,286.232311,286.48376
2024-06-01 18:24:01.402,286.232311,286.48376
2024-06-01 18:24:01.914,275.735247,276.0567
2024-06-01 18:24:02.426,275.257884,276.0567
2024-06-01 18:24:02.938,275.257884,276.0567
2024-06-01 18:24:03.450,275.257884,276.0567
2024-06-01 18:24:03.962,285.736775,286.48376
2024-06-01 18:24:04.474,286.232311,286.48376
2024-06-01 18:24:04.986,286.232311,286.48376
2024-06-01 18:24:05.498,286.232311,286.48376
2024-06-01 18:24:06.010,275.735247,276.0567
2024-06-01 18:24:06.522,275.257884,276.0567
2024-06-01 18:24:07.034,275.257884,276.0567
2024-06-01 18:24:07.546,275.257884,276.0567
2024-06-01 18:24:08.058,285.736775,286.48376
2024-06-01 18:24:08.570,285.736775,286.4837
2024-06-01 18:24:09.082,285.736775,286.4837
2024-06-01 18:24:09.594,285.736775,286.48376
2024-06-01 18:24:10.106,285.736775,286.48376
2024-06-01 18:24:10.618,286.232311,286.48376
2024-06-01 18:24:11.130,286.232311,286.48376
2024-06-01 18:24:11.642,286.232311,286.48376
2024-06-01 18:24:12.153,265.238182,265.62964
2024-06-01 18:24:12.665,265.238182,265.62964
2024-06-01 18:24:13.177,265.238182,265.62964
2024-06-01 18:24:13.689,265.238182,265.62964
2024-06-01 18:24:14.201,286.232311,286.48376
2024-06-01 18:24:14.713,285.736775,286.48376
2024-06-01 18:24:15.225,285.736775,286.48376
2024-06-01 18:24:15.737,285.736775,286.48376
2024-06-01 18:24:16.249,275.257884,276.0567
2024-06-01 18:24:16.761,275.735247,276.0567
2024-06-01 18:24:17.273,275.735247,275.94684
2024-06-01 18:24:17.785,275.735247,275.94684
2024-06-01 18:24:18.297,286.232311,286.3739
2024-06-01 18:24:18.809,285.736775,286.3739
2024-06-01 18:24:19.321,285.736775,286.3739
2024-06-01 18:24:19.833,285.736775,286.3739
2024-06-01 18:24:20.345,285.736775,286.3739
2024-06-01 18:24:20.857,285.736775,286.3739
2024-06-01 18:24:21.369,285.736775,286.3739
2024-06-01 18:24:21.881,285.736775,286.3739
2024-06-01 18:24:22.393,264.778992,265.5198
2024-06-01 18:24:22.905,265.238182,265.5198
2024-06-01 18:24:23.417,265.238182,265.5198
2024-06-01 18:24:23.929,265.238182,265.5198
2024-06-01 18:24:24.441,286.232311,286.3739
2024-06-01 18:24:24.953,286.232311,286.3739
2024-06-01 18:24:25.465,286.232311,286.3739
2024-06-01 18:24:25.977,286.232311,286.3739
2024-06-01 18:24:26.489,286.232311,286.3739
2024-06-01 18:24:27.001,285.736775,286.3739
2024-06-01 18:24:27.513,285.736775,286.3739
2024-06-01 18:24:28.025,285.736775,286.3739
2024-06-01 18:24:28.537,296.215667,296.80096
2024-06-01 18:24:29.049,296.215667,296.80096
2024-06-01 18:24:29.561,296.215667,296.80096
2024-06-01 18:24:30.073,296.215667,296.80096
2024-06-01 18:24:30.585,306.694559,307.22797
2024-06-01 18:24:31.097,306.694559,307.22797
2024-06-01 18:24:31.609,306.694559,307.22797
2024-06-01 18:24:32.121,306.694559,307.22797
2024-06-01 18:24:32.633,296.215667,296.80096
2024-06-01 18:24:33.145,296.729376,296.80096
2024-06-01 18:24:33.657,296.729376,296.80096
2024-06-01 18:24:34.169,296.729376,296.80096
2024-06-01 18:24:34.681,307.226441,307.22797
2024-06-01 18:24:35.193,307.226441,307.22797
2024-06-01 18:24:35.705,307.226441,307.22797
2024-06-01 18:24:36.217,307.226441,307.22797
2024-06-01 18:24:36.729,307.226441,307.22797
2024-06-01 18:24:37.241,306.694559,307.22797
2024-06-01 18:24:37.753,306.694559,307.22797
2024-06-01 18:24:38.265,306.694559,307.22797
2024-06-01 18:24:38.777,317.173451,317.65503
2024-06-01 18:24:39.289,317.723506,317.65503
2024-06-01 18:24:39.801,317.723506,317.65503
2024-06-01 18:24:40.313,317.723506,317.65503
2024-06-01 18:24:40.825,296.729376,296.80096
2024-06-01 18:24:41.337,296.729376,296.80093
2024-06-01 18:24:41.849,296.729376,296.80093
2024-06-01 18:24:42.361,296.729376,296.80096
2024-06-01 18:24:42.873,307.226441,307.22797
2024-06-01 18:24:43.385,306.694559,307.22797
2024-06-01 18:24:43.897,306.694559,307.22797
2024-06-01 18:24:44.409,306.694559,307.22797
2024-06-01 18:24:44.921,306.694559,307.22797
2024-06-01 18:24:45.433,307.226441,307.22797
2024-06-01 18:24:45.945,307.226441,307.22797
2024-06-01 18:24:46.457,307.226441,307.22797
2024-06-01 18:24:46.969,307.226441,307.22797
2024-06-01 18:24:47.481,306.694559,307.22797
2024-06-01 18:24:47.993,306.694559,307.22797
2024-06-01 18:24:48.505,306.694559,307.22797
2024-06-01 18:24:49.017,327.652343,328.08206
2024-06-01 18:24:49.529,327.652343,328.08206
2024-06-01 18:24:50.041,327.652343,328.22852
2024-06-01 18:24:50.553,327.652343,328.22852
2024-06-01 18:24:51.065,296.215667,296.9474
2024-06-01 18:24:51.577,296.729376,296.9474
2024-06-01 18:24:52.089,296.729376,296.9474
2024-06-01 18:24:52.601,296.729376,296.9474
2024-06-01 18:24:53.113,307.226441,307.3744
2024-06-01 18:24:53.625,306.694559,307.3744
2024-06-01 18:24:54.137,306.694559,307.3744
2024-06-01 18:24:54.649,306.694559,307.3744
2024-06-01 18:24:55.161,306.694559,307.3744
2024-06-01 18:24:55.673,307.226441,307.3744
2024-06-01 18:24:56.185,307.226441,307.3744
2024-06-01 18:24:56.697,307.226441,307.3744
2024-06-01 18:24:57.209,296.729376,296.9474
2024-06-01 18:24:57.721,296.215667,296.9474
2024-06-01 18:24:58.233,296.215667,296.9474
2024-06-01 18:24:58.745,296.215667,296.57083
2024-06-01 18:24:59.257,338.131235,338.27902
2024-06-01 18:24:59.769,338.717635,338.65558
2024-06-01 18:25:00.281,338.717635,338.65558
2024-06-01 18:25:00.793,338.717635,338.65558
2024-06-01 18:25:01.305,286.232311,286.52036
2024-06-01 18:25:01.817,286.232311,286.52036
2024-06-01 18:25:02.329,286.232311,286.52036
2024-06-01 18:25:02.841,286.232311,286.52036
2024-06-01 18:25:03.353,307.226441,307.3744
2024-06-01 18:25:03.865,306.694559,307.3744
2024-06-01 18:25:04.377,306.694559,307.3744
2024-06-01 18:25:04.889,306.694559,307.3744
2024-06-01 18:25:05.401,296.215667,296.9474
2024-06-01 18:25:05.913,296.215667,296.9474
2024-06-01 18:25:06.425,296.215667,296.9474
2024-06-01 18:25:06.937,296.215667,296.9474
2024-06-01 18:25:07.449,285.736775,286.52036
2024-06-01 18:25:07.961,285.736775,286.52036
2024-06-01 18:25:08.473,285.736775,286.52036
2024-06-01 18:25:08.985,285.736775,286.52036
2024-06-01 18:25:09.497,327.652343,328.22852
2024-06-01 18:25:10.009,328.22057,328.22852
2024-06-01 18:25:10.521,328.22057,328.22852
2024-06-01 18:25:11.033,328.22057,328.22852
2024-06-01 18:25:11.545,296.729376,296.9474
2024-06-01 18:25:12.057,296.729376,296.9474
2024-06-01 18:25:12.569,296.729376,296.9474
2024-06-01 18:25:13.081,296.729376,296.9474
2024-06-01 18:25:13.593,296.729376,296.9474
2024-06-01 18:25:14.105,296.729376,296.9474
2024-06-01 18:25:14.617,296.729376,296.9474
2024-06-01 18:25:15.129,296.729376,296.9474
2024-06-01 18:25:15.641,296.729376,296.9474
2024-06-01 18:25:16.153,296.729376,296.9474
2024-06-01 18:25:16.665,296.729376,296.9474
2024-06-01 18:25:17.177,296.729376,296.9474
2024-06-01 18:25:17.689,296.729376,296.9474
2024-06-01 18:25:18.201,296.729376,296.9474
2024-06-01 18:25:18.713,296.729376,296.9474
2024-06-01 18:25:19.225,296.729376,296.9474
2024-06-01 18:25:19.737,317.723506,317.8015
2024-06-01 18:25:20.249,317.723506,317.8015
2024-06-01 18:25:20.761,317.723506,317.8015
2024-06-01 18:25:21.273,317.723506,317.8015
2024-06-01 18:25:21.785,296.729376,296.9474
2024-06-01 18:25:22.297,296.215667,296.9474
2024-06-01 18:25:22.809,296.215667,296.9474
2024-06-01 18:25:23.321,296.215667,296.9474
2024-06-01 18:25:23.833,296.215667,296.9474
2024-06-01 18:25:24.345,296.729376,296.9474
2024-06-01 18:25:24.857,296.729376,296.9474
2024-06-01 18:25:25.369,296.729376,296.9474
2024-06-01 18:25:25.881,296.729376,296.9474
2024-06-01 18:25:26.393,296.729376,296.9474
2024-06-01 18:25:26.905,296.729376,296.9474
2024-06-01 18:25:27.417,296.729376,296.9474
2024-06-01 18:25:27.929,296.729376,296.9474
2024-06-01 18:25:28.441,296.729376,296.9474
2024-06-01 18:25:28.953,296.729376,296.9474
2024-06-01 18:25:29.465,296.729376,296.9474
2024-06-01 18:25:29.977,317.723506,317.8015
2024-06-01 18:25:30.489,317.723506,317.80148
2024-06-01 18:25:31.001,317.723506,317.80148
2024-06-01 18:25:31.513,317.723506,317.8015
2024-06-01 18:25:32.025,307.226441,307.3744
2024-06-01 18:25:32.537,306.694559,307.3744
2024-06-01 18:25:33.049,306.694559,307.3744
2024-06-01 18:25:33.561,306.694559,307.3744
2024-06-01 18:25:34.073,317.173451,317.8015
2024-06-01 18:25:34.585,317.723506,317.8015
2024-06-01 18:25:35.097,317.723506,317.8015
2024-06-01 18:25:35.609,317.723506,317.8015
2024-06-01 18:25:36.121,296.729376,296.9474
2024-06-01 18:25:36.633,296.215667,296.9474
2024-06-01 18:25:37.145,296.215667,296.9474
2024-06-01 18:25:37.657,296.215667,296.9474
2024-06-01 18:25:38.169,296.215667,296.9474
2024-06-01 18:25:38.681,296.215667,296.9474
2024-06-01 18:25:39.193,296.215667,296.9474
2024-06-01 18:25:39.705,296.215667,296.9474
2024-06-01 18:25:40.217,327.652343,328.22852
2024-06-01 18:25:40.729,327.652343,328.22852
2024-06-01 18:25:41.241,327.652343,328.22852
2024-06-01 18:25:41.753,327.652343,328.22852
2024-06-01 18:25:42.265,296.215667,296.9474
2024-06-01 18:25:42.777,296.729376,296.9474
2024-06-01 18:25:43.289,296.729376,296.9474
2024-06-01 18:25:43.801,296.729376,296.9474
2024-06-01 18:25:44.312,286.232311,286.52036
2024-06-01 18:25:44.824,286.232311,286.52036
2024-06-01 18:25:45.336,286.232311,286.52036
2024-06-01 18:25:45.848,286.232311,286.52036
2024-06-01 18:25:46.360,296.729376,296.9474
2024-06-01 18:25:46.872,296.215667,296.9474
2024-06-01 18:25:47.384,296.215667,296.9474
2024-06-01 18:25:47.896,296.215667,296.9474
2024-06-01 18:25:48.408,296.215667,296.9474
2024-06-01 18:25:48.920,296.729376,296.9474
2024-06-01 18:25:49.432,296.729376,296.9474
2024-06-01 18:25:49.944,296.729376,296.9474
2024-06-01 18:25:50.456,317.723506,317.8015
2024-06-01 18:25:50.968,317.723506,317.8015
2024-06-01 18:25:51.480,317.723506,317.8015
2024-06-01 18:25:51.992,317.723506,317.8015
2024-06-01 18:25:52.504,307.226441,307.3744
2024-06-01 18:25:53.016,307.226441,307.3744
2024-06-01 18:25:53.528,307.226441,307.3744
2024-06-01 18:25:54.040,307.226441,307.3744
2024-06-01 18:25:54.552,286.232311,286.52036
2024-06-01 18:25:55.064,286.232311,286.52036
2024-06-01 18:25:55.576,286.232311,286.52036
2024-06-01 18:25:56.088,286.232311,286.52036
2024-06-01 18:25:56.600,296.729376,296.9474
2024-06-01 18:25:57.112,296.215667,296.9474
2024-06-01 18:25:57.624,296.215667,296.9474
2024-06-01 18:25:58.136,296.215667,296.9474
2024-06-01 18:25:58.648,296.215667,296.9474
2024-06-01 18:25:59.160,296.215667,296.9474
2024-06-01 18:25:59.672,296.215667,296.9474
2024-06-01 18:26:00.184,296.215667,296.9474
2024-06-01 18:26:00.696,317.173451,317.8015
2024-06-01 18:26:01.208,317.173451,317.8015
2024-06-01 18:26:01.720,317.173451,317.8015
2024-06-01 18:26:02.232,317.173451,317.8015
2024-06-01 18:26:02.744,296.215667,296.9474
2024-06-01 18:26:03.256,296.729376,296.9474
2024-06-01 18:26:03.768,296.729376,296.9474
2024-06-01 18:26:04.280,296.729376,296.9474
2024-06-01 18:26:04.792,296.729376,296.9474
2024-06-01 18:26:05.304,296.729376,296.9474
2024-06-01 18:26:05.816,296.729376,296.9474
2024-06-01 18:26:06.328,296.729376,296.9474
2024-06-01 18:26:06.840,286.232311,286.52036
2024-06-01 18:26:07.352,285.736775,286.52036
2024-06-01 18:26:07.864,285.736775,286.52036
2024-06-01 18:26:08.376,285.736775,286.52036
2024-06-01 18:26:08.888,296.215667,296.9474
2024-06-01 18:26:09.400,296.729376,296.9474
2024-06-01 18:26:09.912,296.729376,296.9474
2024-06-01 18:26:10.424,296.729376,296.9474
2024-06-01 18:26:10.936,317.723506,317.8015
2024-06-01 18:26:11.448,317.723506,317.8015
2024-06-01 18:26:11.960,317.723506,317.8015
2024-06-01 18:26:12.472,317.723506,317.8015
2024-06-01 18:26:12.984,286.232311,286.52036
2024-06-01 18:26:13.496,285.736775,286.52036
2024-06-01 18:26:14.008,285.736775,286.52036
2024-06-01 18:26:14.520,285.736775,286.52036
2024-06-01 18:26:15.032,296.215667,296.9474
2024-06-01 18:26:15.544,296.215667,296.57083
2024-06-01 18:26:16.056,296.215667,296.57083
2024-06-01 18:26:16.568,296.215667,296.9474
2024-06-01 18:26:17.080,296.215667,296.9474
2024-06-01 18:26:17.592,296.215667,296.57083
2024-06-01 18:26:18.104,296.215667,296.57083
2024-06-01 18:26:18.616,296.215667,296.9474
2024-06-01 18:26:19.128,296.215667,296.9474
2024-06-01 18:26:19.640,296.729376,296.9474
2024-06-01 18:26:20.152,296.729376,296.9474
2024-06-01 18:26:20.664,296.729376,296.9474
2024-06-01 18:26:21.176,328.22057,328.22852
2024-06-01 18:26:21.688,327.652343,328.22852
2024-06-01 18:26:22.200,327.652343,328.22852
2024-06-01 18:26:22.712,327.652343,328.22852
2024-06-01 18:26:23.224,296.215667,296.9474
2024-06-01 18:26:23.736,296.729376,296.9474
2024-06-01 18:26:24.248,296.729376,296.9474
2024-06-01 18:26:24.760,296.729376,296.9474
2024-06-01 18:26:25.272,286.232311,286.52036
2024-06-01 18:26:25.784,286.232311,286.52036
2024-06-01 18:26:26.296,286.232311,286.52036
2024-06-01 18:26:26.808,286.232311,286.52036
2024-06-01 18:26:27.320,307.226441,307.3744
2024-06-01 18:26:27.832,307.226441,307.3744
2024-06-01 18:26:28.344,307.226441,307.3744
2024-06-01 18:26:28.856,307.226441,307.3744
2024-06-01 18:26:29.368,296.729376,296.9474
2024-06-01 18:26:29.880,296.215667,296.9474
2024-06-01 18:26:30.392,296.215667,296.9474
2024-06-01 18:26:30.904,296.215667,295.81763
2024-06-01 18:26:31.416,317.173451,316.67172
2024-06-01 18:26:31.928,317.723506,317.8015
2024-06-01 18:26:32.440,317.723506,317.8015
2024-06-01 18:26:32.952,317.723506,317.8015
2024-06-01 18:26:33.464,307.226441,307.3744
2024-06-01 18:26:33.976,306.694559,306.99783
2024-06-01 18:26:34.488,306.694559,306.99783
2024-06-01 18:26:35.000,306.694559,307.3744
2024-06-01 18:26:35.512,296.215667,296.9474
2024-06-01 18:26:36.024,296.215667,296.9474
2024-06-01 18:26:36.536,296.215667,296.9474
2024-06-01 18:26:37.048,296.215667,296.9474
2024-06-01 18:26:37.560,285.736775,286.52036
2024-06-01 18:26:38.072,286.232311,286.52036
2024-06-01 18:26:38.584,286.232311,286.52036
2024-06-01 18:26:39.096,286.232311,286.52036
2024-06-01 18:26:39.608,296.729376,296.9474
2024-06-01 18:26:40.120,296.729376,296.9474
2024-06-01 18:26:40.632,296.729376,296.9474
2024-06-01 18:26:41.144,296.729376,296.9474
2024-06-01 18:26:41.656,328.22057,328.22852
2024-06-01 18:26:42.168,328.22057,328.22852
2024-06-01 18:26:42.680,328.22057,328.22852
2024-06-01 18:26:43.192,328.22057,328.22852
2024-06-01 18:26:43.704,296.729376,296.9474
2024-06-01 18:26:44.216,296.729376,296.9474
2024-06-01 18:26:44.728,296.729376,296.9474
2024-06-01 18:26:45.240,296.729376,296.9474
2024-06-01 18:26:45.752,296.729376,296.9474
2024-06-01 18:26:46.264,296.729376,296.9474
2024-06-01 18:26:46.776,296.729376,296.9474
2024-06-01 18:26:47.288,296.729376,296.9474
2024-06-01 18:26:47.800,307.226441,307.3744
2024-06-01 18:26:48.312,307.226441,307.3744
2024-06-01 18:26:48.824,307.226441,307.3744
2024-06-01 18:26:49.336,307.226441,307.3744
2024-06-01 18:26:49.848,286.232311,286.52036
2024-06-01 18:26:50.360,285.736775,286.14374
2024-06-01 18:26:50.872,285.736775,286.14374
2024-06-01 18:26:51.384,285.736775,286.52036
2024-06-01 18:26:51.896,327.652343,328.22852
2024-06-01 18:26:52.408,328.22057,328.22852
2024-06-01 18:26:52.920,328.22057,328.22852
2024-06-01 18:26:53.432,328.22057,328.22852
2024-06-01 18:26:53.944,296.729376,296.9474
2024-06-01 18:26:54.456,296.729376,296.9474
2024-06-01 18:26:54.968,296.729376,296.9474
2024-06-01 18:26:55.480,296.729376,296.9474
2024-06-01 18:26:55.992,307.226441,307.3744
2024-06-01 18:26:56.504,306.694559,307.3744
2024-06-01 18:26:57.016,306.694559,307.3744
2024-06-01 18:26:57.528,306.694559,307.3744
2024-06-01 18:26:58.040,296.215667,296.9474
2024-06-01 18:26:58.552,296.215667,296.9474
2024-06-01 18:26:59.064,296.215667,296.9474
2024-06-01 18:26:59.576,296.215667,296.9474
2024-06-01 18:27:00.088,296.215667,296.9474
2024-06-01 18:27:00.600,296.729376,296.9474
2024-06-01 18:27:01.112,296.729376,296.9474
2024-06-01 18:27:01.624,296.729376,296.9474
2024-06-01 18:27:02.136,307.226441,307.3744
2024-06-01 18:27:02.648,307.226441,307.3744
2024-06-01 18:27:03.160,307.226441,307.3744
2024-06-01 18:27:03.672,307.226441,307.3744
2024-06-01 18:27:04.184,296.729376,296.9474
2024-06-01 18:27:04.696,296.729376,296.9474
2024-06-01 18:27:05.208,296.729376,296.9474
2024-06-01 18:27:05.720,296.729376,296.9474
2024-06-01 18:27:06.232,317.723506,317.8015
2024-06-01 18:27:06.744,317.173451,317.8015
2024-06-01 18:27:07.256,317.173451,317.8015
2024-06-01 18:27:07.768,317.173451,317.8015
2024-06-01 18:27:08.280,285.736775,286.52036
2024-06-01 18:27:08.792,286.232311,286.52036
2024-06-01 18:27:09.304,286.232311,286.52036
2024-06-01 18:27:09.816,286.232311,286.52036
2024-06-01 18:27:10.328,296.729376,296.9474
2024-06-01 18:27:10.840,296.729376,296.9474
2024-06-01 18:27:11.352,296.729376,296.9474
2024-06-01 18:27:11.864,296.729376,296.9474
2024-06-01 18:27:12.376,307.226441,307.3744
2024-06-01 18:27:12.888,307.226441,307.3744
2024-06-01 18:27:13.400,307.226441,307.3744
2024-06-01 18:27:13.912,307.226441,307.3744
2024-06-01 18:27:14.424,296.729376,296.9474
2024-06-01 18:27:14.936,296.729376,296.9474
2024-06-01 18:27:15.448,296.729376,296.9474
2024-06-01 18:27:15.960,296.729376,296.9474
2024-06-01 18:27:16.472,317.723506,317.8015
2024-06-01 18:27:16.983,317.723506,317.8015
2024-06-01 18:27:17.495,317.723506,317.8015
2024-06-01 18:27:18.007,317.723506,317.8015
2024-06-01 18:27:18.519,296.729376,296.9474
2024-06-01 18:27:19.031,296.729376,296.9474
2024-06-01 18:27:19.543,296.729376,296.9474
2024-06-01 18:27:20.055,296.729376,296.9474
2024-06-01 18:27:20.567,296.729376,296.9474
2024-06-01 18:27:21.079,296.215667,296.9474
2024-06-01 18:27:21.591,296.215667,296.9474
2024-06-01 18:27:22.103,296.215667,296.9474
2024-06-01 18:27:22.615,306.694559,307.3744
2024-06-01 18:27:23.127,306.694559,307.3744
2024-06-01 18:27:23.639,306.694559,307.3744
2024-06-01 18:27:24.151,306.694559,307.3744
2024-06-01 18:27:24.663,296.215667,296.9474
2024-06-01 18:27:25.175,296.729376,296.9474
2024-06-01 18:27:25.687,296.729376,296.9474
2024-06-01 18:27:26.199,296.729376,296.9474
2024-06-01 18:27:26.711,296.729376,296.9474
2024-06-01 18:27:27.223,296.729376,296.9474
2024-06-01 18:27:27.735,296.729376,296.9474
2024-06-01 18:27:28.247,296.729376,296.9474
2024-06-01 18:27:28.759,296.729376,296.9474
2024-06-01 18:27:29.271,296.729376,296.9474
2024-06-01 18:27:29.783,296.729376,296.9474
2024-06-01 18:27:30.295,296.729376,296.9474
2024-06-01 18:27:30.807,307.226441,307.3744
2024-06-01 18:27:31.319,307.226441,307.3744
2024-06-01 18:27:31.831,307.226441,307.3744
2024-06-01 18:27:32.343,307.226441,307.3744
2024-06-01 18:27:32.855,317.723506,317.8015
2024-06-01 18:27:33.367,317.173451,317.8015
2024-06-01 18:27:33.879,317.173451,317.8015
2024-06-01 18:27:34.391,317.173451,317.8015
2024-06-01 18:27:34.903,296.215667,296.9474
2024-06-01 18:27:35.415,296.729376,296.9474
2024-06-01 18:27:35.927,296.729376,296.9474
2024-06-01 18:27:36.439,296.729376,296.9474
2024-06-01 18:27:36.951,296.729376,296.9474
2024-06-01 18:27:37.463,296.729376,296.9474
2024-06-01 18:27:37.975,296.729376,296.9474
2024-06-01 18:27:38.487,296.729376,296.9474
2024-06-01 18:27:38.999,296.729376,296.9474
2024-06-01 18:27:39.511,296.729376,296.9474
2024-06-01 18:27:40.023,296.729376,296.9474
2024-06-01 18:27:40.535,296.729376,296.9474
2024-06-01 18:27:41.047,328.22057,328.22852
2024-06-01 18:27:41.559,327.652343,328.22852
2024-06-01 18:27:42.071,327.652343,328.22852
2024-06-01 18:27:42.583,327.652343,328.22852
2024-06-01 18:27:43.095,338.131235,338.65558
2024-06-01 18:27:43.607,338.717635,338.65558
2024-06-01 18:27:44.119,338.717635,338.65558
2024-06-01 18:27:44.631,338.717635,338.65558
2024-06-01 18:27:45.143,328.22057,328.22852
2024-06-01 18:27:45.655,328.22057,328.22852
2024-06-01 18:27:46.167,328.22057,328.22852
2024-06-01 18:27:46.679,328.22057,328.22852
2024-06-01 18:27:47.191,328.22057,328.22852
2024-06-01 18:27:47.703,328.22057,328.22852
2024-06-01 18:27:48.215,328.22057,328.22852
2024-06-01 18:27:48.727,328.22057,328.22852
2024-06-01 18:27:49.239,338.717635,338.65558
2024-06-01 18:27:49.751,338.131235,338.65558
2024-06-01 18:27:50.263,338.131235,338.9192
2024-06-01 18:27:50.775,338.131235,338.9192
2024-06-01 18:27:51.287,327.652343,328.4921
2024-06-01 18:27:51.799,327.652343,328.4921
2024-06-01 18:27:52.311,327.652343,328.4921
2024-06-01 18:27:52.823,327.652343,328.4921
2024-06-01 18:27:53.335,338.131235,338.9192
2024-06-01 18:27:53.847,338.131235,338.9192
2024-06-01 18:27:54.359,338.131235,338.9192
2024-06-01 18:27:54.871,338.131235,338.5426
2024-06-01 18:27:55.383,327.652343,328.11554
2024-06-01 18:27:55.895,328.22057,328.4921
2024-06-01 18:27:56.407,328.22057,328.4921
2024-06-01 18:27:56.919,328.22057,328.4921
2024-06-01 18:27:57.431,328.22057,328.4921
2024-06-01 18:27:57.943,327.652343,328.11554
2024-06-01 18:27:58.455,327.652343,328.11554
2024-06-01 18:27:58.967,327.652343,328.4921
2024-06-01 18:27:59.479,338.131235,338.9192
2024-06-01 18:27:59.991,338.131235,338.9192
2024-06-01 18:28:00.503,338.131235,338.9192
2024-06-01 18:28:01.015,338.131235,338.9192
2024-06-01 18:28:01.527,317.173451,318.06512
2024-06-01 18:28:02.039,317.173451,318.06512
2024-06-01 18:28:02.551,317.173451,318.06512
2024-06-01 18:28:03.063,317.173451,318.06512
2024-06-01 18:28:03.575,369.56791,370.20038
2024-06-01 18:28:04.087,369.56791,370.20038
2024-06-01 18:28:04.599,369.56791,370.20038
2024-06-01 18:28:05.111,369.56791,370.20038
2024-06-01 18:28:05.623,369.56791,370.20038
2024-06-01 18:28:06.135,369.56791,370.20038
2024-06-01 18:28:06.647,369.56791,370.20038
2024-06-01 18:28:07.159,369.56791,370.20038
2024-06-01 18:28:07.671,359.089018,359.77332
2024-06-01 18:28:08.183,359.711764,359.77332
2024-06-01 18:28:08.695,359.711764,359.77332
2024-06-01 18:28:09.207,359.711764,359.77332
2024-06-01 18:28:09.719,370.208829,370.20038
2024-06-01 18:28:10.231,370.208829,370.20038
2024-06-01 18:28:10.743,370.208829,370.20038
2024-06-01 18:28:11.255,370.208829,370.20038
2024-06-01 18:28:11.767,370.208829,370.20038
2024-06-01 18:28:12.279,370.208829,370.20038
2024-06-01 18:28:12.791,370.208829,370.20038
2024-06-01 18:28:13.303,370.208829,370.20038
2024-06-01 18:28:14.327,370.208829,370.20038
2024-06-01 18:28:14.839,370.208829,370.20032
2024-06-01 18:28:15.351,370.208829,370.20032
2024-06-01 18:28:15.863,370.208829,370.20038
2024-06-01 18:28:16.375,369.56791,370.20038
2024-06-01 18:28:16.887,369.56791,370.20038
2024-06-01 18:28:17.399,369.56791,370.20038
2024-06-01 18:28:17.911,359.089018,359.77332
2024-06-01 18:28:18.423,359.711764,359.77332
2024-06-01 18:28:18.935,359.711764,359.77332
2024-06-01 18:28:19.447,359.711764,359.77332
2024-06-01 18:28:19.959,370.208829,370.20038
2024-06-01 18:28:20.471,370.208829,370.20038
2024-06-01 18:28:20.983,370.208829,370.20038
2024-06-01 18:28:21.495,370.208829,370.20038
2024-06-01 18:28:22.007,380.705894,380.8805
2024-06-01 18:28:22.519,380.705894,380.8805
2024-06-01 18:28:23.031,380.705894,380.891
2024-06-01 18:28:23.543,380.705894,380.891
2024-06-01 18:28:24.055,380.705894,380.891
2024-06-01 18:28:24.567,380.705894,380.891
2024-06-01 18:28:25.079,380.705894,380.891
2024-06-01 18:28:25.591,380.705894,380.891
2024-06-01 18:28:26.103,370.208829,370.46396
2024-06-01 18:28:26.615,370.208829,370.46396
2024-06-01 18:28:27.127,370.208829,370.46396
2024-06-01 18:28:27.639,370.208829,370.46396
2024-06-01 18:28:28.151,359.711764,360.03687
2024-06-01 18:28:28.663,359.711764,360.03687
2024-06-01 18:28:29.175,359.711764,360.03687
2024-06-01 18:28:29.687,359.711764,360.03687
2024-06-01 18:28:30.199,370.208829,370.46396
2024-06-01 18:28:30.711,369.56791,370.08734
2024-06-01 18:28:31.223,369.56791,370.08737
2024-06-01 18:28:31.735,369.56791,370.46393
2024-06-01 18:28:32.247,390.525694,391.3815
2024-06-01 18:28:32.759,390.525694,391.18265
2024-06-01 18:28:33.271,390.525694,391.18265
2024-06-01 18:28:33.783,390.525694,391.3815
2024-06-01 18:28:34.295,369.56791,370.46396
2024-06-01 18:28:34.807,370.208829,370.46396
2024-06-01 18:28:35.319,370.208829,370.46396
2024-06-01 18:28:35.831,370.208829,370.46396
2024-06-01 18:28:36.343,380.705894,380.891
2024-06-01 18:28:36.855,380.705894,380.891
2024-06-01 18:28:37.367,380.705894,380.891
2024-06-01 18:28:37.879,380.705894,380.891
2024-06-01 18:28:38.391,359.711764,360.03687
2024-06-01 18:28:38.903,359.089018,360.03687
2024-06-01 18:28:39.415,359.089018,360.03687
2024-06-01 18:28:39.927,359.089018,360.03687
2024-06-01 18:28:40.439,359.089018,360.03687
2024-06-01 18:28:40.951,359.089018,359.2837
2024-06-01 18:28:41.463,359.089018,359.2837
2024-06-01 18:28:41.975,359.089018,360.03687
2024-06-01 18:28:42.487,390.525694,391.3815
2024-06-01 18:28:42.999,391.202959,391.3815
2024-06-01 18:28:43.511,391.202959,391.3815
2024-06-01 18:28:44.023,391.202959,391.3815
2024-06-01 18:28:44.535,370.208829,370.46396
2024-06-01 18:28:45.047,370.208829,370.46396
2024-06-01 18:28:45.559,370.208829,370.46396
2024-06-01 18:28:46.071,370.208829,370.46396
2024-06-01 18:28:46.583,359.711764,360.03687
2024-06-01 18:28:47.095,359.711764,360.03687
2024-06-01 18:28:47.607,359.711764,360.03687
2024-06-01 18:28:48.119,359.711764,360.03687
2024-06-01 18:28:48.631,370.208829,370.46396
2024-06-01 18:28:49.142,370.208829,370.46396
2024-06-01 18:28:49.654,370.208829,370.46396
2024-06-01 18:28:50.166,370.208829,370.46396
2024-06-01 18:28:50.678,359.711764,360.03687
2024-06-01 18:28:51.190,359.711764,360.03687
2024-06-01 18:28:51.702,359.711764,360.03687
2024-06-01 18:28:52.214,359.711764,360.03687
2024-06-01 18:28:52.726,380.705894,380.891
2024-06-01 18:28:53.238,380.046802,380.891
2024-06-01 18:28:53.750,380.046802,380.891
2024-06-01 18:28:54.262,380.046802,380.891
2024-06-01 18:28:54.774,380.046802,380.891
2024-06-01 18:28:55.286,380.705894,380.891
2024-06-01 18:28:55.798,380.705894,380.891
2024-06-01 18:28:56.310,380.705894,380.891
2024-06-01 18:28:56.822,359.711764,360.03687
2024-06-01 18:28:57.334,359.711764,360.03687
2024-06-01 18:28:57.846,359.711764,360.03687
2024-06-01 18:28:58.358,359.711764,360.03687
2024-06-01 18:28:58.870,370.208829,370.46396
2024-06-01 18:28:59.382,370.208829,370.46396
2024-06-01 18:28:59.894,370.208829,370.46396
2024-06-01 18:29:00.406,370.208829,370.46396
2024-06-01 18:29:00.918,370.208829,370.46396
2024-06-01 18:29:01.430,370.208829,370.46396
2024-06-01 18:29:01.942,370.208829,370.46396
2024-06-01 18:29:02.454,370.208829,370.46396
2024-06-01 18:29:02.966,370.208829,370.46396
2024-06-01 18:29:03.478,370.208829,370.46396
2024-06-01 18:29:03.990,370.208829,370.46393
2024-06-01 18:29:04.502,370.208829,370.08737
2024-06-01 18:29:05.014,380.705894,380.5144
2024-06-01 18:29:05.526,380.046802,380.15906
2024-06-01 18:29:06.038,380.046802,380.15906
2024-06-01 18:29:06.550,380.046802,380.891
2024-06-01 18:29:07.062,359.089018,360.03687
2024-06-01 18:29:07.574,359.711764,360.03687
2024-06-01 18:29:08.086,359.711764,360.03687
2024-06-01 18:29:08.598,359.711764,360.03687
2024-06-01 18:29:09.110,359.711764,360.03687
2024-06-01 18:29:09.622,359.089018,360.03687
2024-06-01 18:29:10.134,359.089018,360.03687
2024-06-01 18:29:10.646,359.089018,360.03687
2024-06-01 18:29:11.158,369.56791,370.46396
2024-06-01 18:29:11.670,369.56791,370.08734
2024-06-01 18:29:12.182,369.56791,370.08734
2024-06-01 18:29:12.694,369.56791,370.46396
2024-06-01 18:29:13.206,380.046802,380.891
2024-06-01 18:29:13.718,380.046802,380.891
2024-06-01 18:29:14.230,380.046802,380.891
2024-06-01 18:29:14.742,380.046802,380.891
2024-06-01 18:29:15.254,369.56791,370.46396
2024-06-01 18:29:15.766,369.56791,370.46396
2024-06-01 18:29:16.278,369.56791,370.46396
2024-06-01 18:29:16.790,369.56791,370.46396
2024-06-01 18:29:17.302,390.525694,391.3815
2024-06-01 18:29:17.814,390.525694,391.3815
2024-06-01 18:29:18.326,390.525694,391.3815
2024-06-01 18:29:18.838,390.525694,391.18265
2024-06-01 18:29:19.350,359.089018,359.6603
2024-06-01 18:29:19.862,359.711764,360.03687
2024-06-01 18:29:20.374,359.711764,360.03687
2024-06-01 18:29:20.886,359.711764,360.03687
2024-06-01 18:29:21.398,349.2147,349.60986
2024-06-01 18:29:21.910,348.610126,348.85666
2024-06-01 18:29:22.422,348.610126,348.85666
2024-06-01 18:29:22.934,348.610126,349.60986
2024-06-01 18:29:23.446,380.046802,380.891
2024-06-01 18:29:23.958,380.705894,380.891
2024-06-01 18:29:24.470,380.705894,380.891
2024-06-01 18:29:24.982,380.705894,380.891
2024-06-01 18:29:25.494,370.208829,370.46396
2024-06-01 18:29:26.006,370.208829,370.46396
2024-06-01 18:29:26.518,370.208829,370.46396
2024-06-01 18:29:27.030,370.208829,370.46396
2024-06-01 18:29:27.542,380.705894,380.891
2024-06-01 18:29:28.054,380.046802,380.891
2024-06-01 18:29:28.566,380.046802,380.891
2024-06-01 18:29:29.078,380.046802,380.891
2024-06-01 18:29:29.590,369.56791,370.46396
2024-06-01 18:29:30.102,369.56791,369.71072
2024-06-01 18:29:30.614,369.56791,369.71072
2024-06-01 18:29:31.126,369.56791,370.46396
2024-06-01 18:29:31.638,369.56791,370.46396
2024-06-01 18:29:32.150,370.208829,370.46396
2024-06-01 18:29:32.662,370.208829,370.46396
2024-06-01 18:29:33.174,370.208829,370.46396
2024-06-01 18:29:33.686,401.700023,402.20624
2024-06-01 18:29:34.198,401.700023,402.20624
2024-06-01 18:29:34.710,401.700023,402.20624
2024-06-01 18:29:35.222,401.700023,402.20624
2024-06-01 18:29:35.734,370.208829,370.46396
2024-06-01 18:29:36.246,370.208829,370.46396
2024-06-01 18:29:36.758,370.208829,370.46393
2024-06-01 18:29:37.270,370.208829,370.46393
2024-06-01 18:29:37.782,380.705894,380.891
2024-06-01 18:29:38.294,380.046802,380.891
2024-06-01 18:29:38.806,380.046802,380.891
2024-06-01 18:29:39.318,380.046802,380.891
2024-06-01 18:29:39.830,359.089018,360.03687
2024-06-01 18:29:40.342,359.089018,360.03687
2024-06-01 18:29:40.854,359.089018,360.03687
2024-06-01 18:29:41.366,359.089018,360.03687
2024-06-01 18:29:41.878,369.56791,370.46396
2024-06-01 18:29:42.390,370.208829,370.46396
2024-06-01 18:29:42.902,370.208829,370.46396
2024-06-01 18:29:43.414,370.208829,370.46396
2024-06-01 18:29:43.926,380.705894,380.891
2024-06-01 18:29:44.438,380.705894,380.891
2024-06-01 18:29:44.950,380.705894,380.891
2024-06-01 18:29:45.462,380.705894,380.891
2024-06-01 18:29:45.974,380.705894,380.891
2024-06-01 18:29:46.486,380.705894,380.891
2024-06-01 18:29:46.998,380.705894,380.891
2024-06-01 18:29:47.510,380.705894,380.891
2024-06-01 18:29:48.022,391.202959,391.3815
2024-06-01 18:29:48.534,391.202959,391.3815
2024-06-01 18:29:49.046,391.202959,391.3815
2024-06-01 18:29:49.558,391.202959,391.3815
2024-06-01 18:29:50.070,359.711764,360.03687
2024-06-01 18:29:50.582,359.089018,360.03687
2024-06-01 18:29:51.094,359.089018,360.03687
2024-06-01 18:29:51.606,359.089018,358.9071
2024-06-01 18:29:52.118,380.046802,379.96027
2024-06-01 18:29:52.630,380.705894,380.891
2024-06-01 18:29:53.142,380.705894,380.89096
2024-06-01 18:29:53.654,380.705894,380.89096
2024-06-01 18:29:54.166,380.705894,380.891
2024-06-01 18:29:54.678,380.046802,380.5144
2024-06-01 18:29:55.190,380.046802,380.5144
2024-06-01 18:29:55.702,380.046802,380.891
2024-06-01 18:29:56.214,369.56791,370.46396
2024-06-01 18:29:56.726,370.208829,370.46396
2024-06-01 18:29:57.238,370.208829,370.46396
2024-06-01 18:29:57.750,370.208829,370.46396
2024-06-01 18:29:58.262,380.705894,380.891
2024-06-01 18:29:58.774,380.705894,380.891
2024-06-01 18:29:59.286,380.705894,380.891
2024-06-01 18:29:59.798,380.705894,380.891
2024-06-01 18:30:00.310,359.711764,360.03687
2024-06-01 18:30:00.822,359.711764,360.03687
2024-06-01 18:30:01.334,359.711764,360.03687
2024-06-01 18:30:01.846,359.711764,359.6603
2024-06-01 18:30:02.358,359.711764,359.6603
2024-06-01 18:30:02.870,359.711764,360.03687
2024-06-01 18:30:03.382,359.711764,360.03687
2024-06-01 18:30:03.894,359.711764,360.03687
2024-06-01 18:30:04.406,380.705894,380.891
2024-06-01 18:30:04.918,380.705894,380.891
2024-06-01 18:30:05.430,380.705894,380.891
2024-06-01 18:30:05.942,380.705894,380.891
2024-06-01 18:30:06.454,370.208829,370.46396
2024-06-01 18:30:06.966,369.56791,370.46396
2024-06-01 18:30:07.478,369.56791,370.46396
2024-06-01 18:30:07.990,369.56791,370.46396
2024-06-01 18:30:08.502,369.56791,370.46396
2024-06-01 18:30:09.014,369.56791,370.46396
2024-06-01 18:30:09.526,369.56791,370.46393
2024-06-01 18:30:10.038,369.56791,370.46393
2024-06-01 18:30:10.550,359.089018,360.03687
2024-06-01 18:30:11.062,359.089018,359.2837
2024-06-01 18:30:11.574,359.089018,359.2837
2024-06-01 18:30:12.086,359.089018,360.03687
2024-06-01 18:30:12.598,369.56791,370.46396
2024-06-01 18:30:13.110,369.56791,370.08734
2024-06-01 18:30:13.622,369.56791,370.08734
2024-06-01 18:30:14.134,369.56791,370.46396
2024-06-01 18:30:14.646,369.56791,370.46396
2024-06-01 18:30:15.158,370.208829,370.46396
2024-06-01 18:30:15.670,370.208829,370.46396
2024-06-01 18:30:16.182,370.208829,370.46396
2024-06-01 18:30:16.694,380.705894,380.891
2024-06-01 18:30:17.206,380.705894,380.891
2024-06-01 18:30:17.718,380.705894,380.891
2024-06-01 18:30:18.230,380.705894,380.5144
2024-06-01 18:30:18.742,370.208829,370.08734
2024-06-01 18:30:19.254,369.56791,370.46396
2024-06-01 18:30:19.766,369.56791,370.46396
2024-06-01 18:30:20.278,369.56791,370.46396
2024-06-01 18:30:20.790,359.089018,360.03687
2024-06-01 18:30:21.302,359.711764,360.03687
2024-06-01 18:30:21.813,359.711764,360.03687
2024-06-01 18:30:22.325,359.711764,360.03687
2024-06-01 18:30:22.837,370.208829,370.46396
2024-06-01 18:30:23.349,369.56791,370.08734
2024-06-01 18:30:23.861,369.56791,370.08734
2024-06-01 18:30:24.373,369.56791,370.46396
2024-06-01 18:30:24.885,369.56791,370.46396
2024-06-01 18:30:25.397,369.56791,370.46396
2024-06-01 18:30:25.909,369.56791,370.46393
2024-06-01 18:30:26.421,369.56791,370.46393
2024-06-01 18:30:26.933,369.56791,370.46396
2024-06-01 18:30:27.445,369.56791,369.33417
2024-06-01 18:30:27.957,369.56791,369.33417
2024-06-01 18:30:28.469,369.56791,370.46396
2024-06-01 18:30:28.981,380.046802,380.891
2024-06-01 18:30:29.493,380.705894,380.891
2024-06-01 18:30:30.005,380.705894,380.891
2024-06-01 18:30:30.517,380.705894,380.891
2024-06-01 18:30:31.029,370.208829,370.46396
2024-06-01 18:30:31.541,370.208829,370.46396
2024-06-01 18:30:32.053,370.208829,370.46396
2024-06-01 18:30:32.565,370.208829,370.46396
2024-06-01 18:30:33.077,370.208829,370.46396
2024-06-01 18:30:33.589,369.56791,370.46396
2024-06-01 18:30:34.101,369.56791,370.46396
2024-06-01 18:30:34.613,369.56791,370.46396
2024-06-01 18:30:35.125,348.610126,349.60986
2024-06-01 18:30:35.637,348.610126,349.23328
2024-06-01 18:30:36.149,348.610126,349.23328
2024-06-01 18:30:36.661,348.610126,348.85666
2024-06-01 18:30:37.173,380.046802,380.15906
2024-06-01 18:30:37.685,380.705894,380.891
2024-06-01 18:30:38.197,380.705894,380.891
2024-06-01 18:30:38.709,380.705894,380.891
2024-06-01 18:30:39.221,370.208829,370.46396
2024-06-01 18:30:39.733,370.208829,370.46396
2024-06-01 18:30:40.245,370.208829,370.46396
2024-06-01 18:30:40.757,370.208829,370.46396
2024-06-01 18:30:41.269,359.711764,360.03687
2024-06-01 18:30:41.781,359.711764,360.03687
2024-06-01 18:30:42.293,359.711764,360.03687
2024-06-01 18:30:42.805,359.711764,360.03687
2024-06-01 18:30:43.317,380.705894,380.891
2024-06-01 18:30:43.829,380.046802,380.891
2024-06-01 18:30:44.341,380.046802,380.891
2024-06-01 18:30:44.853,380.046802,380.891
2024-06-01 18:30:45.365,359.089018,360.03687
2024-06-01 18:30:45.877,359.089018,359.6603
2024-06-01 18:30:46.389,359.089018,359.6603
2024-06-01 18:30:46.901,359.089018,360.03687
2024-06-01 18:30:47.413,369.56791,370.46396
2024-06-01 18:30:47.925,369.56791,370.46396
2024-06-01 18:30:48.437,369.56791,370.46396
2024-06-01 18:30:48.949,369.56791,370.08734
2024-06-01 18:30:49.461,369.56791,370.08734
2024-06-01 18:30:49.973,369.56791,370.08734
2024-06-01 18:30:50.485,369.56791,370.08734
2024-06-01 18:30:50.997,369.56791,370.08734
2024-06-01 18:30:51.509,359.089018,359.6603
2024-06-01 18:30:52.021,359.089018,359.6603
2024-06-01 18:30:52.533,359.089018,359.6603
2024-06-01 18:30:53.045,359.089018,360.03687
2024-06-01 18:30:53.557,359.089018,360.03687
2024-06-01 18:30:54.069,359.089018,360.03687
2024-06-01 18:30:54.581,359.089018,360.03687
2024-06-01 18:30:55.093,359.089018,360.03687
2024-06-01 18:30:55.605,369.56791,370.46396
2024-06-01 18:30:56.117,370.208829,370.46396
2024-06-01 18:30:56.629,370.208829,370.46396
2024-06-01 18:30:57.141,370.208829,370.46396
2024-06-01 18:30:57.653,380.705894,380.891
2024-06-01 18:30:58.165,380.705894,380.891
2024-06-01 18:30:58.677,380.705894,380.89096
2024-06-01 18:30:59.189,380.705894,380.89096
2024-06-01 18:30:59.701,370.208829,370.46396
2024-06-01 18:31:00.213,370.208829,370.46396
2024-06-01 18:31:00.725,370.208829,370.46396
2024-06-01 18:31:01.237,370.208829,370.46396
2024-06-01 18:31:01.749,370.208829,370.46396
2024-06-01 18:31:02.261,370.208829,370.46396
2024-06-01 18:31:02.773,370.208829,370.46396
2024-06-01 18:31:03.285,370.208829,370.46396
2024-06-01 18:31:03.797,359.711764,360.03687
2024-06-01 18:31:04.309,359.089018,360.03687
2024-06-01 18:31:04.821,359.089018,360.03687
2024-06-01 18:31:05.333,359.089018,360.03687
2024-06-01 18:31:05.845,359.089018,360.03687
2024-06-01 18:31:06.357,359.089018,360.03687
2024-06-01 18:31:06.869,359.089018,360.03687
2024-06-01 18:31:07.381,359.089018,360.03687
2024-06-01 18:31:07.893,380.046802,380.891
2024-06-01 18:31:08.405,380.046802,380.15906
2024-06-01 18:31:08.917,380.046802,380.15906
2024-06-01 18:31:09.429,380.046802,380.891
2024-06-01 18:31:09.941,359.089018,360.03687
2024-06-01 18:31:10.453,359.711764,360.03687
2024-06-01 18:31:10.965,359.711764,360.03687
2024-06-01 18:31:11.477,359.711764,360.03687
2024-06-01 18:31:11.989,370.208829,370.46396
2024-06-01 18:31:12.501,370.208829,370.46396
2024-06-01 18:31:13.013,370.208829,370.46396
2024-06-01 18:31:13.525,370.208829,370.46396
2024-06-01 18:31:14.037,370.208829,370.46396
2024-06-01 18:31:14.549,369.56791,370.46396
2024-06-01 18:31:15.061,369.56791,370.46393
2024-06-01 18:31:15.573,369.56791,370.46393
2024-06-01 18:31:16.085,348.610126,349.60986
2024-06-01 18:31:16.597,348.610126,348.85666
2024-06-01 18:31:17.109,348.610126,348.85666
2024-06-01 18:31:17.621,348.610126,349.23328
2024-06-01 18:31:18.133,380.046802,380.5144
2024-06-01 18:31:18.645,380.705894,380.891
2024-06-01 18:31:19.157,380.705894,380.891
2024-06-01 18:31:19.669,380.705894,380.5144
2024-06-01 18:31:20.181,359.711764,359.6603
2024-06-01 18:31:20.693,359.711764,360.03687
2024-06-01 18:31:21.205,359.711764,360.03687
2024-06-01 18:31:21.717,359.711764,360.03687
2024-06-01 18:31:22.229,349.2147,349.60986
2024-06-01 18:31:22.741,349.2147,349.60986
2024-06-01 18:31:23.253,349.2147,349.60986
2024-06-01 18:31:23.765,349.2147,349.23328
2024-06-01 18:31:24.277,370.208829,370.08734
2024-06-01 18:31:24.789,369.56791,369.71072
2024-06-01 18:31:25.301,369.56791,369.71072
2024-06-01 18:31:25.813,369.56791,370.46396
2024-06-01 18:31:26.325,369.56791,370.46396
2024-06-01 18:31:26.837,370.208829,370.46396
2024-06-01 18:31:27.349,370.208829,370.46396
2024-06-01 18:31:27.861,370.208829,370.08734
2024-06-01 18:31:28.373,370.208829,370.08734
2024-06-01 18:31:28.885,370.208829,370.46396
2024-06-01 18:31:29.397,370.208829,370.46396
2024-06-01 18:31:29.909,370.208829,370.08734
2024-06-01 18:31:30.421,370.208829,370.08734
2024-06-01 18:31:30.933,370.208829,370.46396
2024-06-01 18:31:31.445,370.208829,370.46393
2024-06-01 18:31:31.957,370.208829,370.08737
2024-06-01 18:31:32.469,370.208829,370.08734
2024-06-01 18:31:32.981,370.208829,370.46396
2024-06-01 18:31:33.493,370.208829,370.46396
2024-06-01 18:31:34.005,370.208829,370.46396
2024-06-01 18:31:34.517,359.711764,360.03687
2024-06-01 18:31:35.029,359.711764,360.03687
2024-06-01 18:31:35.541,359.711764,360.03687
2024-06-01 18:31:36.053,359.711764,360.03687
2024-06-01 18:31:36.565,359.711764,360.03687
2024-06-01 18:31:37.077,359.711764,360.03687
2024-06-01 18:31:37.589,359.711764,360.03687
2024-06-01 18:31:38.101,359.711764,360.03687
2024-06-01 18:31:38.613,380.705894,380.891
2024-06-01 18:31:39.125,380.705894,380.891
2024-06-01 18:31:39.637,380.705894,380.891
2024-06-01 18:31:40.149,380.705894,380.891
2024-06-01 18:31:40.661,349.2147,349.60986
2024-06-01 18:31:41.173,348.610126,349.23328
2024-06-01 18:31:41.685,348.610126,349.23328
2024-06-01 18:31:42.197,348.610126,349.60986
2024-06-01 18:31:42.709,369.56791,370.46396
2024-06-01 18:31:43.221,370.208829,370.46396
2024-06-01 18:31:43.733,370.208829,370.46396
2024-06-01 18:31:44.245,370.208829,370.46396
2024-06-01 18:31:44.757,380.705894,380.891
2024-06-01 18:31:45.269,380.705894,380.891
2024-06-01 18:31:45.781,380.705894,380.891
2024-06-01 18:31:46.293,380.705894,380.891
2024-06-01 18:31:46.805,359.711764,360.03687
2024-06-01 18:31:47.317,359.711764,360.03687
2024-06-01 18:31:47.829,359.711764,360.03687
2024-06-01 18:31:48.341,359.711764,360.03687
2024-06-01 18:31:48.853,391.202959,391.3815
2024-06-01 18:31:49.365,391.202959,391.3815
2024-06-01 18:31:49.877,391.202959,391.3815
2024-06-01 18:31:50.389,391.202959,391.3815
2024-06-01 18:31:50.901,370.208829,370.46396
2024-06-01 18:31:51.413,370.208829,370.46396
2024-06-01 18:31:51.925,370.208829,370.46396
2024-06-01 18:31:52.437,370.208829,370.46396
2024-06-01 18:31:52.949,359.711764,360.03687
2024-06-01 18:31:53.461,359.711764,360.03687
2024-06-01 18:31:53.972,359.711764,360.03687
2024-06-01 18:31:54.484,359.711764,360.03687
2024-06-01 18:31:54.996,391.202959,391.3815
2024-06-01 18:31:55.508,391.202959,391.3815
2024-06-01 18:31:56.020,391.202959,391.3815
2024-06-01 18:31:56.532,391.202959,391.3815
2024-06-01 18:31:57.044,380.705894,380.891
2024-06-01 18:31:57.556,380.705894,380.891
2024-06-01 18:31:58.068,380.705894,380.891
2024-06-01 18:31:58.580,380.705894,380.891
2024-06-01 18:31:59.092,391.202959,391.3815
2024-06-01 18:31:59.604,391.202959,391.3815
2024-06-01 18:32:00.116,391.202959,391.3815
2024-06-01 18:32:00.628,391.202959,391.3815
2024-06-01 18:32:01.140,370.208829,370.46396
2024-06-01 18:32:01.652,370.208829,370.46396
2024-06-01 18:32:02.164,370.208829,370.46396
2024-06-01 18:32:02.676,370.208829,370.46396
2024-06-01 18:32:03.188,401.700023,402.20624
2024-06-01 18:32:03.700,401.700023,402.20624
2024-06-01 18:32:04.212,401.700023,402.20618
2024-06-01 18:32:04.724,401.700023,402.20618
2024-06-01 18:32:05.236,370.208829,370.46396
2024-06-01 18:32:05.748,369.56791,369.33417
2024-06-01 18:32:06.260,369.56791,369.33417
2024-06-01 18:32:06.772,369.56791,370.46396
2024-06-01 18:32:07.284,369.56791,370.46396
2024-06-01 18:32:07.796,370.208829,370.46396
2024-06-01 18:32:08.308,370.208829,370.46396
2024-06-01 18:32:08.820,370.208829,370.46396
2024-06-01 18:32:09.332,391.202959,391.3815
2024-06-01 18:32:09.844,391.202959,391.3815
2024-06-01 18:32:10.356,391.202959,391.3815
2024-06-01 18:32:10.868,391.202959,391.3815
2024-06-01 18:32:11.380,359.711764,360.03687
2024-06-01 18:32:11.892,359.711764,360.03687
2024-06-01 18:32:12.404,359.711764,360.03687
2024-06-01 18:32:12.916,359.711764,360.03687
2024-06-01 18:32:13.428,370.208829,370.46396
2024-06-01 18:32:13.940,369.56791,369.71072
2024-06-01 18:32:14.452,369.56791,369.71072
2024-06-01 18:32:14.964,369.56791,370.46396
2024-06-01 18:32:15.476,369.56791,370.46396
2024-06-01 18:32:15.988,370.208829,370.46396
2024-06-01 18:32:16.500,370.208829,370.46396
2024-06-01 18:32:17.012,370.208829,370.46396
2024-06-01 18:32:17.524,359.711764,360.03687
2024-06-01 18:32:18.036,359.089018,360.03687
2024-06-01 18:32:18.548,359.089018,360.03687
2024-06-01 18:32:19.060,359.089018,360.03687
2024-06-01 18:32:19.572,380.046802,380.891
2024-06-01 18:32:20.084,380.705894,380.891
2024-06-01 18:32:20.596,380.705894,380.89096
2024-06-01 18:32:21.108,380.705894,380.5144
2024-06-01 18:32:21.620,370.208829,370.08734
2024-06-01 18:32:22.132,370.208829,370.46396
2024-06-01 18:32:22.644,370.208829,370.46396
2024-06-01 18:32:23.156,370.208829,370.08734
2024-06-01 18:32:23.668,359.711764,359.6603
2024-06-01 18:32:24.180,359.711764,360.03687
2024-06-01 18:32:24.692,359.711764,360.03687
2024-06-01 18:32:25.204,359.711764,360.03687
2024-06-01 18:32:25.716,380.705894,380.891
2024-06-01 18:32:26.228,380.705894,380.891
2024-06-01 18:32:26.740,380.705894,380.891
2024-06-01 18:32:27.252,380.705894,380.891
2024-06-01 18:32:27.764,370.208829,370.46396
2024-06-01 18:32:28.276,369.56791,370.46396
2024-06-01 18:32:28.788,369.56791,370.46396
2024-06-01 18:32:29.300,369.56791,370.46396
2024-06-01 18:32:29.812,369.56791,370.46396
2024-06-01 18:32:30.324,369.56791,369.71072
2024-06-01 18:32:30.836,369.56791,369.71072
2024-06-01 18:32:31.348,369.56791,370.46396
2024-06-01 18:32:31.860,380.046802,380.891
2024-06-01 18:32:32.372,380.705894,380.891
2024-06-01 18:32:32.884,380.705894,380.891
2024-06-01 18:32:33.396,380.705894,380.891
2024-06-01 18:32:33.908,359.711764,360.03687
2024-06-01 18:32:34.420,359.089018,360.03687
2024-06-01 18:32:34.932,359.089018,360.03687
2024-06-01 18:32:35.444,359.089018,359.6603
2024-06-01 18:32:35.956,380.046802,380.5144
2024-06-01 18:32:36.468,380.046802,380.5144
2024-06-01 18:32:36.980,380.046802,380.5144
2024-06-01 18:32:37.492,380.046802,380.15906
2024-06-01 18:32:38.004,359.089018,359.2837
2024-06-01 18:32:38.516,359.089018,360.03687
2024-06-01 18:32:39.028,359.089018,360.03687
2024-06-01 18:32:39.540,359.089018,360.03687
2024-06-01 18:32:40.052,369.56791,370.46396
2024-06-01 18:32:40.564,370.208829,370.46396
2024-06-01 18:32:41.076,370.208829,370.46396
2024-06-01 18:32:41.588,370.208829,370.46396
2024-06-01 18:32:42.100,370.208829,370.46396
2024-06-01 18:32:42.612,370.208829,370.46396
2024-06-01 18:32:43.124,370.208829,370.46396
2024-06-01 18:32:43.636,370.208829,370.46396
2024-06-01 18:32:44.148,370.208829,370.46396
2024-06-01 18:32:44.660,370.208829,370.46396
2024-06-01 18:32:45.172,370.208829,370.46396
2024-06-01 18:32:45.684,370.208829,370.46396
2024-06-01 18:32:46.196,370.208829,370.46396
2024-06-01 18:32:46.708,369.56791,370.46396
2024-06-01 18:32:47.220,369.56791,370.46396
2024-06-01 18:32:47.732,369.56791,370.46396
2024-06-01 18:32:48.244,359.089018,360.03687
2024-06-01 18:32:48.756,359.089018,359.2837
2024-06-01 18:32:49.268,359.089018,359.2837
2024-06-01 18:32:49.780,359.089018,360.03687
2024-06-01 18:32:50.292,380.046802,380.891
2024-06-01 18:32:50.804,380.705894,380.891
2024-06-01 18:32:51.316,380.705894,380.891
2024-06-01 18:32:51.828,380.705894,380.891
2024-06-01 18:32:52.340,359.711764,360.03687
2024-06-01 18:32:52.852,359.711764,360.03687
2024-06-01 18:32:53.364,359.711764,360.03687
2024-06-01 18:32:53.876,359.711764,359.6603
2024-06-01 18:32:54.388,349.2147,349.23328
2024-06-01 18:32:54.900,349.2147,348.85666
2024-06-01 18:32:55.412,349.2147,348.85666
2024-06-01 18:32:55.924,349.2147,349.60986
2024-06-01 18:32:56.436,380.705894,380.891
2024-06-01 18:32:56.948,380.046802,380.5144
2024-06-01 18:32:57.460,380.046802,380.5144
2024-06-01 18:32:57.972,380.046802,380.891
2024-06-01 18:32:58.484,348.610126,349.60986
2024-06-01 18:32:58.996,349.2147,349.60986
2024-06-01 18:32:59.508,349.2147,349.60986
2024-06-01 18:33:00.020,349.2147,349.60986
2024-06-01 18:33:00.532,370.208829,370.46396
2024-06-01 18:33:01.044,370.208829,370.46396
2024-06-01 18:33:01.556,370.208829,370.46396
2024-06-01 18:33:02.068,370.208829,370.08734
2024-06-01 18:33:02.580,370.208829,370.08734
2024-06-01 18:33:03.092,369.56791,369.33417
2024-06-01 18:33:03.604,369.56791,369.33417
2024-06-01 18:33:04.116,369.56791,370.08734
2024-06-01 18:33:04.628,348.610126,349.23328
2024-06-01 18:33:05.140,348.610126,348.85666
2024-06-01 18:33:05.652,348.610126,348.85666
2024-06-01 18:33:06.164,348.610126,349.60986
2024-06-01 18:33:06.676,380.046802,380.891
2024-06-01 18:33:07.188,380.046802,380.891
2024-06-01 18:33:07.700,380.046802,380.891
2024-06-01 18:33:08.212,380.046802,380.5144
2024-06-01 18:33:08.724,359.089018,359.6603
2024-06-01 18:33:09.236,359.089018,360.03687
2024-06-01 18:33:09.748,359.089018,360.03687
2024-06-01 18:33:10.260,359.089018,360.03687
2024-06-01 18:33:10.772,369.56791,370.46396
2024-06-01 18:33:11.284,370.208829,370.46396
2024-06-01 18:33:11.796,370.208829,370.46396
2024-06-01 18:33:12.308,370.208829,370.46396
2024-06-01 18:33:12.820,370.208829,370.46396
2024-06-01 18:33:13.332,370.208829,370.46396
2024-06-01 18:33:13.844,370.208829,370.46396
2024-06-01 18:33:14.356,370.208829,370.46396
2024-06-01 18:33:14.868,359.711764,360.03687
2024-06-01 18:33:15.380,359.089018,360.03687
2024-06-01 18:33:15.892,359.089018,360.03687
2024-06-01 18:33:16.404,359.089018,360.03687
2024-06-01 18:33:16.916,369.56791,370.46396
2024-06-01 18:33:17.428,370.208829,370.46396
2024-06-01 18:33:17.940,370.208829,370.46396
2024-06-01 18:33:18.452,370.208829,370.46396
2024-06-01 18:33:18.964,359.711764,360.03687
2024-06-01 18:33:19.476,359.089018,360.03687
2024-06-01 18:33:19.988,359.089018,360.03687
2024-06-01 18:33:20.500,359.089018,360.03687
2024-06-01 18:33:21.012,390.525694,391.3815
2024-06-01 18:33:21.524,390.525694,391.3815
2024-06-01 18:33:22.036,390.525694,391.3815
2024-06-01 18:33:22.548,390.525694,391.3815
2024-06-01 18:33:23.060,359.089018,360.03687
2024-06-01 18:33:23.572,359.089018,360.03687
2024-06-01 18:33:24.084,359.089018,360.03687
2024-06-01 18:33:24.596,359.089018,359.6603
2024-06-01 18:33:25.108,359.089018,359.6603
2024-06-01 18:33:25.620,359.711764,360.03687
2024-06-01 18:33:26.132,359.711764,360.03687
2024-06-01 18:33:26.643,359.711764,359.6603
2024-06-01 18:33:27.155,380.705894,380.5144
2024-06-01 18:33:27.667,380.705894,380.891
2024-06-01 18:33:28.179,380.705894,380.891
2024-06-01 18:33:28.691,380.705894,380.5144
2024-06-01 18:33:29.203,359.711764,359.6603
2024-06-01 18:33:29.715,359.711764,360.03687
2024-06-01 18:33:30.227,359.711764,360.03687
2024-06-01 18:33:30.739,359.711764,360.03687
2024-06-01 18:33:31.251,380.705894,380.891
2024-06-01 18:33:31.763,380.705894,380.891
2024-06-01 18:33:32.275,380.705894,380.891
2024-06-01 18:33:32.787,380.705894,380.891
2024-06-01 18:33:33.299,359.711764,360.03687
2024-06-01 18:33:33.811,359.711764,360.03687
2024-06-01 18:33:34.323,359.711764,360.03687
2024-06-01 18:33:34.835,359.711764,359.2837
2024-06-01 18:33:35.347,359.711764,359.2837
2024-06-01 18:33:35.859,359.711764,360.03687
2024-06-01 18:33:36.371,359.711764,360.03687
2024-06-01 18:33:36.883,359.711764,360.03687
2024-06-01 18:33:37.395,380.705894,380.891
2024-06-01 18:33:37.907,380.046802,380.891
2024-06-01 18:33:38.419,380.046802,380.891
2024-06-01 18:33:38.931,380.046802,380.891
2024-06-01 18:33:39.443,369.56791,370.46396
2024-06-01 18:33:39.955,369.56791,370.46396
2024-06-01 18:33:40.467,369.56791,370.46396
2024-06-01 18:33:40.979,369.56791,370.46396
2024-06-01 18:33:41.491,390.525694,391.3815
2024-06-01 18:33:42.003,391.202959,391.3815
2024-06-01 18:33:42.515,391.202959,391.38147
2024-06-01 18:33:43.027,391.202959,391.38147
2024-06-01 18:33:43.539,359.711764,360.03687
2024-06-01 18:33:44.051,359.711764,360.03687
2024-06-01 18:33:44.563,359.711764,360.03687
2024-06-01 18:33:45.075,359.711764,360.03687
2024-06-01 18:33:45.587,380.705894,380.891
2024-06-01 18:33:46.099,380.046802,380.891
2024-06-01 18:33:46.611,380.046802,380.891
2024-06-01 18:33:47.123,380.046802,379.96027
2024-06-01 18:33:47.635,390.525694,390.9869
2024-06-01 18:33:48.147,390.525694,391.3815
2024-06-01 18:33:48.659,390.525694,391.3815
2024-06-01 18:33:49.171,390.525694,391.02158
2024-06-01 18:33:49.683,380.046802,380.15906
2024-06-01 18:33:50.195,380.705894,380.891
2024-06-01 18:33:50.707,380.705894,380.891
2024-06-01 18:33:51.219,380.705894,380.891
2024-06-01 18:33:51.731,391.202959,391.3815
2024-06-01 18:33:52.243,391.202959,391.3815
2024-06-01 18:33:52.755,391.202959,391.3815
2024-06-01 18:33:53.267,391.202959,391.3815
2024-06-01 18:33:53.779,370.208829,370.46396
2024-06-01 18:33:54.291,369.56791,369.71072
2024-06-01 18:33:54.803,369.56791,369.71072
2024-06-01 18:33:55.315,369.56791,369.33417
2024-06-01 18:33:55.827,390.525694,390.9869
2024-06-01 18:33:56.339,390.525694,391.3815
2024-06-01 18:33:56.851,390.525694,391.3815
2024-06-01 18:33:57.363,390.525694,391.3815
2024-06-01 18:33:57.875,380.046802,380.891
2024-06-01 18:33:58.387,380.046802,380.891
2024-06-01 18:33:58.899,380.046802,380.89096
2024-06-01 18:33:59.411,380.046802,380.89096
2024-06-01 18:33:59.923,369.56791,370.46396
2024-06-01 18:34:00.435,370.208829,370.46396
2024-06-01 18:34:00.947,370.208829,370.46396
2024-06-01 18:34:01.459,370.208829,370.46396
2024-06-01 18:34:01.971,401.700023,402.20624
2024-06-01 18:34:02.483,401.700023,402.20624
2024-06-01 18:34:02.995,401.700023,402.20624
2024-06-01 18:34:03.507,401.700023,402.20624
2024-06-01 18:34:04.019,370.208829,370.46396
2024-06-01 18:34:04.531,369.56791,370.46396
2024-06-01 18:34:05.043,369.56791,370.46396
2024-06-01 18:34:05.555,369.56791,370.46396
2024-06-01 18:34:06.067,380.046802,380.891
2024-06-01 18:34:06.579,380.046802,380.891
2024-06-01 18:34:07.091,380.046802,380.99347
2024-06-01 18:34:07.603,380.046802,380.61688
2024-06-01 18:34:08.115,390.525694,391.0567
2024-06-01 18:34:08.627,390.525694,391.42053
2024-06-01 18:34:09.139,390.525694,391.42053
2024-06-01 18:34:09.651,390.525694,391.42053
2024-06-01 18:34:10.163,390.525694,391.42053
2024-06-01 18:34:10.675,390.525694,390.72052
2024-06-01 18:34:11.187,390.525694,390.72052
2024-06-01 18:34:11.699,390.525694,391.7357
2024-06-01 18:34:12.211,390.525694,391.7357
2024-06-01 18:34:12.723,389.848429,391.7357
2024-06-01 18:34:13.235,389.848429,391.7357
2024-06-01 18:34:13.747,389.848429,389.57306
2024-06-01 18:34:14.259,348.005553,345.61218
2024-06-01 18:34:14.771,347.40098,345.9865
2024-06-01 18:34:15.283,347.40098,345.9865
2024-06-01 18:34:15.795,347.40098,346.53387
2024-06-01 18:34:16.307,336.958434,334.73065
2024-06-01 18:34:16.819,336.958434,335.45813
2024-06-01 18:34:17.331,336.958434,335.45813
2024-06-01 18:34:17.843,336.958434,335.20435
2024-06-01 18:34:18.355,336.958434,335.20435
2024-06-01 18:34:18.867,336.958434,335.20435
2024-06-01 18:34:19.379,336.958434,335.20435
2024-06-01 18:34:19.891,336.958434,335.9658
2024-06-01 18:34:20.403,357.843526,360.8239
2024-06-01 18:34:20.915,357.843526,360.49677
2024-06-01 18:34:21.427,357.843526,360.49677
2024-06-01 18:34:21.939,357.843526,360.56775
2024-06-01 18:34:22.451,357.843526,360.56775
2024-06-01 18:34:22.963,357.22078,360.8239
2024-06-01 18:34:23.475,357.22078,360.19427
2024-06-01 18:34:23.987,357.22078,359.88504
2024-06-01 18:34:24.499,325.94766,324.79224
2024-06-01 18:34:25.011,325.94766,325.10522
2024-06-01 18:34:25.523,325.94766,325.10522
2024-06-01 18:34:26.035,325.94766,325.10522
2024-06-01 18:34:26.547,346.796407,348.33185
2024-06-01 18:34:27.059,346.796407,348.33185
2024-06-01 18:34:27.571,346.796407,348.33185
2024-06-01 18:34:28.083,346.796407,347.95276
2024-06-01 18:34:28.595,336.372034,336.2934
2024-06-01 18:34:29.107,336.372034,336.0039
2024-06-01 18:34:29.619,336.372034,336.0039
2024-06-01 18:34:30.131,336.372034,336.60632
2024-06-01 18:34:30.643,357.22078,359.5758
2024-06-01 18:34:31.155,357.22078,359.88504
2024-06-01 18:34:31.667,357.22078,359.885
2024-06-01 18:34:32.179,357.22078,359.5758
2024-06-01 18:34:32.691,346.796407,348.33185
2024-06-01 18:34:33.203,346.796407,348.33185
2024-06-01 18:34:33.715,346.796407,348.33185
2024-06-01 18:34:34.227,346.796407,347.95276
2024-06-01 18:34:34.739,336.372034,336.2934
2024-06-01 18:34:35.251,336.372034,336.98267
2024-06-01 18:34:35.763,336.372034,336.98267
2024-06-01 18:34:36.275,336.372034,335.628
2024-06-01 18:34:36.787,305.098914,302.53482
2024-06-01 18:34:37.299,305.098914,302.53482
2024-06-01 18:34:37.811,305.098914,302.53482
2024-06-01 18:34:38.323,305.098914,302.45514
2024-06-01 18:34:38.835,305.098914,302.45514
2024-06-01 18:34:39.347,305.098914,302.61456
2024-06-01 18:34:39.859,305.098914,302.61456
2024-06-01 18:34:40.371,305.098914,302.61456
2024-06-01 18:34:40.883,315.523287,313.22906
2024-06-01 18:34:41.395,315.523287,313.22906
2024-06-01 18:34:41.907,315.523287,313.22906
2024-06-01 18:34:42.419,315.523287,313.30878
2024-06-01 18:34:42.931,305.098914,302.77292
2024-06-01 18:34:43.443,305.098914,302.53482
2024-06-01 18:34:43.955,305.098914,302.53482
2024-06-01 18:34:44.467,305.098914,302.53482
2024-06-01 18:34:44.979,305.098914,302.53482
2024-06-01 18:34:45.491,305.098914,302.45514
2024-06-01 18:34:46.003,305.098914,302.45514
2024-06-01 18:34:46.515,305.098914,302.45514
2024-06-01 18:34:47.027,305.098914,302.45514
2024-06-01 18:34:47.539,305.098914,302.77292
2024-06-01 18:34:48.051,305.098914,302.77292
2024-06-01 18:34:48.563,305.098914,302.53482
2024-06-01 18:34:49.075,294.674541,292.267
2024-06-01 18:34:49.587,294.674541,292.43707
2024-06-01 18:34:50.099,294.674541,292.43707
2024-06-01 18:34:50.611,294.674541,292.43707
2024-06-01 18:34:51.123,305.098914,302.61456
2024-06-01 18:34:51.635,305.098914,302.53482
2024-06-01 18:34:52.147,305.098914,302.53482
2024-06-01 18:34:52.659,305.098914,302.61456
2024-06-01 18:34:53.171,315.523287,313.22906
2024-06-01 18:34:53.683,315.523287,313.14938
2024-06-01 18:34:54.195,315.523287,313.14938
2024-06-01 18:34:54.707,315.523287,313.17108
2024-06-01 18:34:55.219,305.098914,302.45514
2024-06-01 18:34:55.731,305.098914,302.53482
2024-06-01 18:34:56.243,305.098914,303.27988
2024-06-01 18:34:56.755,305.098914,303.43933
2024-06-01 18:34:57.267,305.098914,303.43933
2024-06-01 18:34:57.779,305.098914,303.43933
2024-06-01 18:34:58.291,305.098914,303.43933
2024-06-01 18:34:58.802,305.098914,303.35962
2024-06-01 18:34:59.314,305.098914,303.35962
2024-06-01 18:34:59.826,305.098914,303.20016
2024-06-01 18:35:00.338,305.098914,303.20016
2024-06-01 18:35:00.850,305.098914,303.27988
2024-06-01 18:35:01.362,305.098914,303.27988
2024-06-01 18:35:01.874,305.098914,303.04074
2024-06-01 18:35:02.386,305.098914,303.04074
2024-06-01 18:35:02.898,305.098914,303.27988
2024-06-01 18:35:03.410,315.523287,313.8944
2024-06-01 18:35:03.922,315.523287,313.8944
2024-06-01 18:35:04.434,315.523287,313.8944
2024-06-01 18:35:04.946,315.523287,313.72574
2024-06-01 18:35:05.458,294.674541,292.50598
2024-06-01 18:35:05.970,294.674541,292.9761
2024-06-01 18:35:06.482,294.674541,292.9761
2024-06-01 18:35:06.994,294.674541,293.16605
2024-06-01 18:35:07.506,315.523287,314.0656
2024-06-01 18:35:08.018,315.523287,313.97412
2024-06-01 18:35:08.530,315.523287,313.97412
2024-06-01 18:35:09.042,315.523287,313.8944
2024-06-01 18:35:09.554,294.674541,292.7862
2024-06-01 18:35:10.066,294.674541,292.59622
2024-06-01 18:35:10.578,294.674541,292.59622
2024-06-01 18:35:11.090,294.674541,292.7862
2024-06-01 18:35:11.602,305.098914,303.27988
2024-06-01 18:35:12.114,305.098914,303.27988
2024-06-01 18:35:12.626,305.098914,303.27988
2024-06-01 18:35:13.138,305.098914,303.35962
2024-06-01 18:35:13.650,325.94766,325.42288
2024-06-01 18:35:14.162,325.94766,325.42288
2024-06-01 18:35:14.674,325.94766,325.42288
2024-06-01 18:35:15.186,325.94766,324.8706
2024-06-01 18:35:15.698,273.825795,272.35956
2024-06-01 18:35:16.210,273.825795,271.97974
2024-06-01 18:35:16.722,273.825795,271.97974
2024-06-01 18:35:17.234,273.825795,272.35956
2024-06-01 18:35:17.746,273.825795,272.35956
2024-06-01 18:35:18.258,273.825795,272.5495
2024-06-01 18:35:18.770,273.825795,272.5495
2024-06-01 18:35:19.282,273.825795,271.59985
2024-06-01 18:35:19.794,284.250168,281.7182
2024-06-01 18:35:20.306,284.250168,282.288
2024-06-01 18:35:20.818,284.250168,282.28796
2024-06-01 18:35:21.330,284.250168,282.28796
2024-06-01 18:35:21.842,273.825795,272.16962
2024-06-01 18:35:22.354,273.825795,271.97974
2024-06-01 18:35:22.866,273.825795,271.97974
2024-06-01 18:35:23.378,273.825795,272.5495
2024-06-01 18:35:23.890,294.674541,292.7862
2024-06-01 18:35:24.402,294.674541,292.50598
2024-06-01 18:35:24.914,294.674541,292.50598
2024-06-01 18:35:25.426,294.674541,292.42627
2024-06-01 18:35:25.938,273.825795,271.97974
2024-06-01 18:35:26.450,273.825795,271.97974
2024-06-01 18:35:26.962,273.825795,271.97974
2024-06-01 18:35:27.474,273.825795,271.97974
2024-06-01 18:35:27.986,294.674541,292.42627
2024-06-01 18:35:28.498,294.674541,292.59622
2024-06-01 18:35:29.010,294.674541,293.04266
2024-06-01 18:35:29.522,294.674541,292.8675
2024-06-01 18:35:30.034,284.250168,282.64526
2024-06-01 18:35:30.546,284.250168,282.8501
2024-06-01 18:35:31.058,284.250168,282.8501
2024-06-01 18:35:31.570,284.250168,282.64526
2024-06-01 18:35:32.082,273.825795,272.54187
2024-06-01 18:35:32.594,273.825795,272.54187
2024-06-01 18:35:33.106,273.825795,272.54187
2024-06-01 18:35:33.618,273.825795,272.54187
2024-06-01 18:35:34.130,294.674541,292.8675
2024-06-01 18:35:34.642,294.674541,292.69232
2024-06-01 18:35:35.154,294.674541,292.69232
2024-06-01 18:35:35.666,294.674541,292.69232
2024-06-01 18:35:36.178,273.825795,272.35187
2024-06-01 18:35:36.690,273.825795,272.13855
2024-06-01 18:35:37.202,273.825795,272.13858
2024-06-01 18:35:37.714,273.825795,272.73175
2024-06-01 18:35:38.226,273.825795,272.73175
2024-06-01 18:35:38.738,273.825795,272.54187
2024-06-01 18:35:39.250,273.825795,272.54187
2024-06-01 18:35:39.762,273.825795,272.54187
2024-06-01 18:35:40.274,284.250168,282.64526
2024-06-01 18:35:40.786,284.250168,282.8501
2024-06-01 18:35:41.298,284.250168,282.8501
2024-06-01 18:35:41.810,284.250168,282.3599
2024-06-01 18:35:42.322,273.825795,272.35187
2024-06-01 18:35:42.834,273.825795,272.35187
2024-06-01 18:35:43.346,273.825795,272.35187
2024-06-01 18:35:43.858,273.825795,272.54187
2024-06-01 18:35:44.370,294.674541,292.8675
2024-06-01 18:35:44.882,294.674541,292.5172
2024-06-01 18:35:45.394,294.674541,292.5172
2024-06-01 18:35:45.906,294.674541,292.8675
2024-06-01 18:35:46.418,263.401422,262.42352
2024-06-01 18:35:46.930,263.401422,262.42352
2024-06-01 18:35:47.442,263.401422,262.42352
2024-06-01 18:35:47.954,263.401422,262.8208
2024-06-01 18:35:48.466,294.674541,293.21777
2024-06-01 18:35:48.978,294.674541,292.8675
2024-06-01 18:35:49.490,294.674541,292.8675
2024-06-01 18:35:50.002,294.674541,292.8675
2024-06-01 18:35:50.514,263.401422,262.42352
2024-06-01 18:35:51.026,263.401422,262.61343
2024-06-01 18:35:51.538,263.401422,262.61343
2024-06-01 18:35:52.050,263.401422,262.23358
2024-06-01 18:35:52.562,273.825795,272.35187
2024-06-01 18:35:53.074,273.825795,272.35187
2024-06-01 18:35:53.586,273.825795,272.3519
2024-06-01 18:35:54.098,273.825795,272.54184
2024-06-01 18:35:54.610,284.250168,282.64526
2024-06-01 18:35:55.122,284.250168,283.6098
2024-06-01 18:35:55.634,284.250168,283.6098
2024-06-01 18:35:56.146,284.250168,282.64526
2024-06-01 18:35:56.658,273.825795,272.54187
2024-06-01 18:35:57.170,273.825795,272.73175
2024-06-01 18:35:57.682,273.825795,272.73175
2024-06-01 18:35:58.194,273.825795,272.54187
2024-06-01 18:35:58.706,305.098914,303.48828
2024-06-01 18:35:59.218,305.098914,303.39795
2024-06-01 18:35:59.730,305.098914,303.39795
2024-06-01 18:36:00.242,305.098914,303.39795
2024-06-01 18:36:00.754,273.825795,272.35187
2024-06-01 18:36:01.266,273.825795,272.35187
2024-06-01 18:36:01.778,273.825795,272.35187
2024-06-01 18:36:02.290,273.825795,272.35187
2024-06-01 18:36:02.802,273.825795,272.35187
2024-06-01 18:36:03.314,273.825795,272.35187
2024-06-01 18:36:03.826,273.825795,272.35187
2024-06-01 18:36:04.338,273.825795,272.73175
2024-06-01 18:36:04.850,294.674541,293.04266
2024-06-01 18:36:05.362,294.674541,293.04266
2024-06-01 18:36:05.874,294.674541,293.04266
