timestamp,Actual,Predicted
2024-06-01 18:05:44.197,433.941174,397.1853
2024-06-01 18:05:44.709,433.191218,431.48294
2024-06-01 18:05:45.221,433.191218,435.3715
2024-06-01 18:05:45.733,433.191218,427.92514
2024-06-01 18:05:46.245,422.694153,426.17294
2024-06-01 18:05:46.757,422.694153,419.0166
2024-06-01 18:05:47.269,422.694153,420.3592
2024-06-01 18:05:47.781,422.694153,423.19214
2024-06-01 18:05:48.293,433.191218,423.95303
2024-06-01 18:05:48.805,432.441261,433.7748
2024-06-01 18:05:49.317,432.441261,434.21323
2024-06-01 18:05:49.829,432.441261,431.6765
2024-06-01 18:05:50.341,411.483477,431.14322
2024-06-01 18:05:50.853,412.197088,410.75696
2024-06-01 18:05:51.365,412.197088,409.50772
2024-06-01 18:05:51.877,412.197088,414.29474
2024-06-01 18:05:52.389,422.694153,415.56436
2024-06-01 18:05:52.901,422.694153,424.27924
2024-06-01 18:05:53.413,422.694153,424.12375
2024-06-01 18:05:53.925,422.694153,421.74075
2024-06-01 18:05:54.437,422.694153,421.16116
2024-06-01 18:05:54.949,422.694153,422.17783
2024-06-01 18:05:55.461,422.694153,422.55972
2024-06-01 18:05:55.973,422.694153,422.52737
2024-06-01 18:05:56.485,422.694153,422.49838
2024-06-01 18:05:56.997,422.694153,422.53116
2024-06-01 18:05:57.509,422.694153,422.60458
2024-06-01 18:05:58.021,422.694153,422.60458
2024-06-01 18:05:58.533,433.191218,422.60458
2024-06-01 18:05:59.045,433.191218,433.49377
2024-06-01 18:05:59.557,433.191218,434.28452
2024-06-01 18:09:00.291,433.191218,438.3898
2024-06-01 18:09:00.803,401.700023,433.70084
2024-06-01 18:09:01.315,401.700023,402.83603
2024-06-01 18:09:01.827,401.700023,400.20364
2024-06-01 18:09:02.339,401.700023,406.25934
2024-06-01 18:09:02.851,380.705894,408.38882
2024-06-01 18:09:03.363,380.705894,385.73795
2024-06-01 18:09:03.875,380.705894,381.2108
2024-06-01 18:09:04.387,380.705894,383.52518
2024-06-01 18:09:04.899,370.208829,384.42685
2024-06-01 18:09:05.411,370.208829,373.1856
2024-06-01 18:09:05.923,370.208829,370.31332
2024-06-01 18:09:06.435,370.208829,371.26587
2024-06-01 18:09:06.947,370.208829,371.7597
2024-06-01 18:09:07.459,370.208829,371.07388
2024-06-01 18:09:07.971,370.208829,370.2756
2024-06-01 18:09:08.483,370.208829,370.00687
2024-06-01 18:09:08.995,380.705894,369.82156
2024-06-01 18:09:09.507,380.705894,379.72964
2024-06-01 18:09:10.019,380.705894,381.0819
2024-06-01 18:09:10.531,380.705894,379.46176
2024-06-01 18:09:11.043,380.705894,378.58688
2024-06-01 18:09:11.555,380.705894,379.04486
2024-06-01 18:09:12.067,380.705894,379.5853
2024-06-01 18:09:12.579,380.705894,379.8674
2024-06-01 18:09:13.091,380.705894,380.05276
2024-06-01 18:09:13.603,380.705894,380.20737
2024-06-01 18:09:14.115,380.705894,380.3503
2024-06-01 18:09:14.627,380.705894,380.3503
2024-06-01 18:09:15.139,380.705894,380.3503
2024-06-01 18:09:15.651,380.705894,380.3503
2024-06-01 18:09:16.163,380.705894,380.3503
2024-06-01 18:12:16.897,380.705894,374.24118
2024-06-01 18:12:17.409,338.717635,378.2084
2024-06-01 18:12:17.921,338.717635,338.38022
2024-06-01 18:12:18.433,338.717635,333.63327
2024-06-01 18:12:18.945,338.717635,338.95676
2024-06-01 18:12:19.457,338.717635,341.98813
2024-06-01 18:12:19.969,338.717635,340.93558
2024-06-01 18:12:20.481,338.717635,339.66605
2024-06-01 18:12:20.993,338.717635,339.2582
2024-06-01 18:12:21.505,328.22057,339.14087
2024-06-01 18:12:22.017,328.22057,328.65927
2024-06-01 18:12:22.529,328.22057,326.73813
2024-06-01 18:12:23.041,328.22057,327.99643
2024-06-01 18:12:23.553,317.723506,328.6722
2024-06-01 18:12:24.065,317.723506,318.67178
2024-06-01 18:12:24.577,317.723506,316.967
2024-06-01 18:12:25.089,317.723506,317.8226
2024-06-01 18:12:25.601,328.22057,318.269
2024-06-01 18:12:26.113,328.22057,327.58682
2024-06-01 18:12:26.625,328.22057,328.56998
2024-06-01 18:12:27.137,328.22057,327.09464
2024-06-01 18:12:27.649,338.717635,326.21494
2024-06-01 18:12:28.161,338.717635,336.23047
2024-06-01 18:12:28.673,338.717635,337.86703
2024-06-01 18:12:29.185,338.717635,336.62405
2024-06-01 18:12:29.697,317.723506,336.05118
2024-06-01 18:12:30.209,317.723506,317.12616
2024-06-01 18:12:30.721,317.723506,315.14108
2024-06-01 18:12:31.233,317.723506,317.5779
2024-06-01 18:12:31.745,328.22057,318.98422
2024-06-01 18:12:32.257,328.22057,328.33994
2024-06-01 18:12:32.769,328.22057,329.24283
2024-06-01 18:15:33.503,328.22057,320.0064
2024-06-01 18:15:34.015,265.238182,323.32837
2024-06-01 18:15:34.527,265.238182,266.5215
2024-06-01 18:15:35.039,265.238182,261.28177
2024-06-01 18:15:35.551,265.238182,265.4999
2024-06-01 18:15:36.063,275.735247,268.2471
2024-06-01 18:15:36.575,275.735247,277.23206
2024-06-01 18:15:37.087,275.735247,277.90106
2024-06-01 18:15:37.599,275.735247,276.72397
2024-06-01 18:15:38.111,265.238182,275.91882
2024-06-01 18:15:38.623,265.238182,266.06067
2024-06-01 18:15:39.135,265.238182,264.39548
2024-06-01 18:15:39.647,265.238182,265.12555
2024-06-01 18:15:40.159,286.232311,265.60294
2024-06-01 18:15:40.671,286.232311,284.3517
2024-06-01 18:15:41.183,286.232311,287.0203
2024-06-01 18:15:41.695,286.232311,285.17728
2024-06-01 18:15:42.207,275.735247,284.0713
2024-06-01 18:15:42.719,275.735247,274.85483
2024-06-01 18:15:43.231,275.735247,274.01886
2024-06-01 18:15:43.743,275.735247,275.11575
2024-06-01 18:15:44.255,265.238182,275.80197
2024-06-01 18:15:44.767,265.238182,266.6299
2024-06-01 18:15:45.279,265.238182,265.44238
2024-06-01 18:15:45.791,265.238182,265.84308
2024-06-01 18:15:46.303,286.232311,266.05478
2024-06-01 18:15:46.815,286.232311,284.55585
2024-06-01 18:15:47.327,286.232311,287.0203
2024-06-01 18:15:47.839,286.232311,285.17728
2024-06-01 18:15:48.351,265.238182,284.0713
2024-06-01 18:15:48.863,265.238182,265.64175
2024-06-01 18:15:49.375,265.238182,263.724
2024-06-01 18:18:30.141,370.208829,259.03464
2024-06-01 18:18:30.653,369.56791,366.82645
2024-06-01 18:18:31.165,369.56791,381.32904
2024-06-01 18:18:31.677,369.56791,356.8765
2024-06-01 18:18:32.189,369.56791,349.55905
2024-06-01 18:18:32.701,369.56791,357.47794
2024-06-01 18:18:33.213,369.56791,362.54373
2024-06-01 18:18:33.725,369.56791,364.84628
2024-06-01 18:18:34.237,380.046802,366.331
2024-06-01 18:18:34.749,380.705894,378.5624
2024-06-01 18:18:35.261,380.705894,379.6988
2024-06-01 18:18:35.773,380.705894,376.71152
2024-06-01 18:18:36.285,370.208829,376.53323
2024-06-01 18:18:36.797,369.56791,366.645
2024-06-01 18:18:37.309,369.56791,369.6416
2024-06-01 18:18:37.821,369.56791,370.4019
2024-06-01 18:18:38.333,359.089018,366.44186
2024-06-01 18:18:38.845,359.089018,356.42548
2024-06-01 18:18:39.357,359.089018,357.55472
2024-06-01 18:18:39.869,359.089018,359.94394
2024-06-01 18:18:40.381,369.56791,359.63516
2024-06-01 18:18:40.893,369.56791,369.56155
2024-06-01 18:18:41.405,369.56791,369.58786
2024-06-01 18:18:41.917,369.56791,366.83862
2024-06-01 18:18:42.429,359.089018,366.59622
2024-06-01 18:18:42.941,359.089018,356.68655
2024-06-01 18:18:43.453,359.089018,364.89127
2024-06-01 18:18:43.965,359.089018,361.62338
2024-06-01 18:18:44.477,380.046802,350.36356
2024-06-01 18:18:44.989,380.046802,377.65616
2024-06-01 18:18:45.501,380.046802,383.1301
2024-06-01 18:18:46.013,380.046802,376.56577
2024-06-01 18:18:46.525,369.56791,380.00433
2024-06-01 18:18:47.037,369.56791,367.30344
2024-06-01 18:18:47.549,369.56791,359.81354
2024-06-01 18:18:48.061,369.56791,366.81915
2024-06-01 18:18:48.573,359.089018,370.57022
2024-06-01 18:18:49.085,359.711764,358.00876
2024-06-01 18:18:49.597,359.711764,356.5087
2024-06-01 18:18:50.109,359.711764,378.2982
2024-06-01 18:18:50.621,370.208829,368.2089
2024-06-01 18:18:51.133,370.208829,374.44827
2024-06-01 18:18:51.645,370.208829,374.99728
2024-06-01 18:18:52.157,370.208829,373.79495
2024-06-01 18:18:52.669,380.705894,372.1987
2024-06-01 18:18:53.181,380.705894,382.60947
2024-06-01 18:18:53.693,380.705894,383.39066
2024-06-01 18:18:54.205,380.705894,380.51675
2024-06-01 18:18:54.717,370.208829,378.7393
2024-06-01 18:18:55.229,370.208829,369.2239
2024-06-01 18:18:55.741,370.208829,368.84756
2024-06-01 18:18:56.253,370.208829,371.0007
2024-06-01 18:18:56.765,370.208829,371.8465
2024-06-01 18:18:57.277,370.208829,371.18607
2024-06-01 18:18:57.789,370.208829,370.76022
2024-06-01 18:18:58.301,370.208829,370.6127
2024-06-01 18:18:58.813,370.208829,370.49988
2024-06-01 18:18:59.325,370.208829,370.37503
2024-06-01 18:18:59.837,370.208829,370.24603
2024-06-01 18:19:00.349,370.208829,370.24603
2024-06-01 18:19:00.861,370.208829,370.24603
2024-06-01 18:19:01.373,369.56791,370.24603
2024-06-01 18:19:01.885,369.56791,370.24603
2024-06-01 18:19:02.397,369.56791,370.246
2024-06-01 18:19:02.909,369.56791,370.246
2024-06-01 18:19:03.421,370.208829,370.24603
2024-06-01 18:19:03.933,370.208829,370.24603
2024-06-01 18:19:04.445,370.208829,370.24603
2024-06-01 18:19:04.957,370.208829,370.24603
2024-06-01 18:19:05.469,370.208829,370.24603
2024-06-01 18:19:05.981,370.208829,370.24603
2024-06-01 18:19:06.493,370.208829,370.24603
2024-06-01 18:19:07.005,370.208829,370.24603
2024-06-01 18:19:07.517,370.208829,370.24603
2024-06-01 18:19:08.029,370.208829,370.24603
2024-06-01 18:19:08.541,370.208829,370.24603
2024-06-01 18:19:09.053,370.208829,370.24603
2024-06-01 18:19:09.565,369.56791,370.24603
2024-06-01 18:19:10.077,369.56791,370.24603
2024-06-01 18:19:10.589,369.56791,370.24603
2024-06-01 18:19:11.101,380.046802,370.24603
2024-06-01 18:19:11.613,380.046802,380.80414
2024-06-01 18:19:12.125,380.046802,381.9279
2024-06-01 18:19:12.637,380.046802,379.75027
2024-06-01 18:19:13.149,369.56791,378.99335
2024-06-01 18:19:13.661,369.56791,369.35257
2024-06-01 18:19:14.173,369.56791,370.89047
2024-06-01 18:19:14.685,369.56791,371.3037
2024-06-01 18:19:15.197,380.046802,369.17853
2024-06-01 18:19:15.709,380.705894,380.79007
2024-06-01 18:19:16.221,380.705894,382.78763
2024-06-01 18:19:16.733,380.705894,380.51093
2024-06-01 18:19:17.245,370.208829,379.20193
2024-06-01 18:19:17.757,370.208829,369.3397
2024-06-01 18:19:18.269,370.208829,368.72128
2024-06-01 18:19:18.781,370.208829,370.87497
2024-06-01 18:19:19.293,370.208829,371.7847
2024-06-01 18:19:19.805,370.208829,371.18607
2024-06-01 18:19:20.317,370.208829,370.76022
2024-06-01 18:19:20.829,370.208829,370.6127
2024-06-01 18:19:21.341,380.705894,370.49988
2024-06-01 18:19:21.853,380.046802,380.93143
2024-06-01 18:19:22.365,380.046802,381.9279
2024-06-01 18:19:22.877,380.046802,379.75027
2024-06-01 18:19:23.389,369.56791,378.99335
2024-06-01 18:19:23.901,369.56791,369.35257
2024-06-01 18:19:24.413,369.56791,368.84756
2024-06-01 18:19:24.925,369.56791,371.0007
2024-06-01 18:19:25.437,380.046802,371.8465
2024-06-01 18:19:25.949,380.705894,381.74725
2024-06-01 18:19:26.461,380.705894,382.4196
2024-06-01 18:19:26.973,380.705894,380.10324
2024-06-01 18:19:27.485,370.208829,383.4512
2024-06-01 18:19:27.997,370.208829,370.07126
2024-06-01 18:19:28.509,370.208829,363.54507
2024-06-01 18:19:29.021,370.208829,369.09195
2024-06-01 18:19:29.533,359.711764,372.4613
2024-06-01 18:19:30.045,359.711764,361.53577
2024-06-01 18:19:30.557,359.711764,359.2222
2024-06-01 18:19:31.069,359.711764,360.6967
2024-06-01 18:19:31.581,380.705894,361.34445
2024-06-01 18:19:32.093,380.046802,381.59476
2024-06-01 18:19:32.605,380.046802,383.39807
2024-06-01 18:19:33.117,380.046802,378.9551
2024-06-01 18:19:33.629,369.56791,377.2779
2024-06-01 18:19:34.141,369.56791,368.34048
2024-06-01 18:19:34.652,369.56791,368.2617
2024-06-01 18:19:35.164,369.56791,370.62875
2024-06-01 18:19:35.676,380.046802,371.61108
2024-06-01 18:19:36.188,380.705894,381.631
2024-06-01 18:19:36.700,380.705894,382.4196
2024-06-01 18:19:37.212,380.705894,380.10324
2024-06-01 18:19:37.724,370.208829,379.24258
2024-06-01 18:19:38.236,369.56791,369.48166
2024-06-01 18:19:38.748,369.56791,368.84756
2024-06-01 18:19:39.260,369.56791,371.0007
2024-06-01 18:19:39.772,359.089018,371.8465
2024-06-01 18:19:40.284,359.711764,360.806
2024-06-01 18:19:40.796,359.711764,359.29547
2024-06-01 18:19:41.308,359.711764,360.96732
2024-06-01 18:19:41.820,391.202959,361.57938
2024-06-01 18:19:42.332,390.525694,392.58743
2024-06-01 18:19:42.844,390.525694,395.39835
2024-06-01 18:19:43.356,390.525694,388.24026
2024-06-01 18:19:43.868,359.089018,385.83115
2024-06-01 18:19:44.380,359.089018,357.15958
2024-06-01 18:19:44.892,359.089018,355.66617
2024-06-01 18:19:45.404,359.089018,361.5783
2024-06-01 18:19:45.916,369.56791,364.03275
2024-06-01 18:19:46.428,369.56791,372.7886
2024-06-01 18:19:46.940,369.56791,372.71274
2024-06-01 18:19:47.452,369.56791,370.27805
2024-06-01 18:19:47.964,359.089018,369.15958
2024-06-01 18:19:48.476,359.089018,359.1431
2024-06-01 18:19:48.988,359.089018,358.14694
2024-06-01 18:19:49.500,359.089018,360.18314
2024-06-01 18:19:50.012,348.610126,361.06094
2024-06-01 18:19:50.524,349.2147,350.27686
2024-06-01 18:19:51.036,349.2147,348.7435
2024-06-01 18:19:51.548,349.2147,350.21237
2024-06-01 18:19:52.060,391.202959,350.78647
2024-06-01 18:19:52.572,390.525694,392.29965
2024-06-01 18:19:53.084,390.525694,396.55692
2024-06-01 18:19:53.596,390.525694,387.03964
2024-06-01 18:19:54.108,348.610126,383.79025
2024-06-01 18:19:54.620,348.610126,345.88974
2024-06-01 18:19:55.132,348.610126,343.95987
2024-06-01 18:19:55.644,348.610126,349.8873
2024-06-01 18:19:56.156,359.089018,353.90396
2024-06-01 18:19:56.668,359.711764,362.5649
2024-06-01 18:19:57.180,359.711764,362.2123
2024-06-01 18:19:57.692,359.711764,359.63107
2024-06-01 18:19:58.204,359.711764,358.42853
2024-06-01 18:19:58.716,359.711764,358.65213
2024-06-01 18:19:59.228,359.711764,358.70816
2024-06-01 18:19:59.740,359.711764,359.03165
2024-06-01 18:20:00.252,349.2147,359.30896
2024-06-01 18:20:00.764,349.2147,349.1288
2024-06-01 18:20:01.276,349.2147,348.16885
2024-06-01 18:20:01.788,349.2147,349.91687
2024-06-01 18:20:02.300,391.202959,350.61853
2024-06-01 18:20:02.812,391.202959,392.51718
2024-06-01 18:20:03.324,391.202959,396.6245
2024-06-01 18:20:03.836,391.202959,386.79034
2024-06-01 18:20:04.348,359.711764,383.72015
2024-06-01 18:20:04.860,359.711764,355.8729
2024-06-01 18:20:05.372,359.711764,355.0948
2024-06-01 18:20:05.884,359.711764,361.44003
2024-06-01 18:20:06.396,349.2147,363.92007
2024-06-01 18:20:06.908,348.610126,351.82236
2024-06-01 18:20:07.420,348.610126,349.7437
2024-06-01 18:20:07.932,348.610126,351.08426
2024-06-01 18:20:08.444,359.089018,351.42264
2024-06-01 18:20:08.956,359.711764,360.76196
2024-06-01 18:20:09.468,359.711764,361.03445
2024-06-01 18:20:09.980,359.711764,358.88998
2024-06-01 18:20:10.492,349.2147,357.9941
2024-06-01 18:20:11.004,349.2147,348.25082
2024-06-01 18:20:11.516,349.2147,347.52264
2024-06-01 18:20:12.028,349.2147,349.48752
2024-06-01 18:20:12.540,380.705894,350.3444
2024-06-01 18:20:13.052,380.705894,381.5096
2024-06-01 18:20:13.564,380.705894,384.65942
2024-06-01 18:20:14.076,380.705894,377.63382
2024-06-01 18:20:14.588,359.711764,375.24066
2024-06-01 18:20:15.100,359.089018,356.80173
2024-06-01 18:20:15.612,359.089018,356.30756
2024-06-01 18:20:16.124,359.089018,360.67642
2024-06-01 18:20:16.636,359.089018,362.43912
2024-06-01 18:20:17.148,359.711764,361.31937
2024-06-01 18:20:17.660,359.711764,360.64688
2024-06-01 18:20:18.172,359.711764,360.36057
2024-06-01 18:20:18.684,349.2147,360.118
2024-06-01 18:20:19.196,349.2147,349.5371
2024-06-01 18:20:19.708,349.2147,348.16885
2024-06-01 18:20:20.220,349.2147,349.91687
2024-06-01 18:20:20.732,359.711764,350.61853
2024-06-01 18:20:21.244,359.711764,360.35974
2024-06-01 18:20:21.756,359.711764,361.03445
2024-06-01 18:20:22.268,359.711764,358.88998
2024-06-01 18:20:22.780,370.208829,357.9941
2024-06-01 18:20:23.292,370.208829,369.06317
2024-06-01 18:20:23.804,370.208829,370.59805
2024-06-01 18:20:24.316,370.208829,368.68277
2024-06-01 18:20:24.828,349.2147,368.09207
2024-06-01 18:20:25.340,348.610126,348.3326
2024-06-01 18:20:25.852,348.610126,346.93094
2024-06-01 18:20:26.364,348.610126,350.56857
2024-06-01 18:20:26.876,359.089018,352.06934
2024-06-01 18:20:27.388,359.711764,361.31445
2024-06-01 18:20:27.900,359.711764,361.60898
2024-06-01 18:20:28.412,359.711764,359.31302
2024-06-01 18:20:28.924,359.711764,358.28262
2024-06-01 18:20:29.436,359.089018,358.70486
2024-06-01 18:20:29.948,359.089018,358.95206
2024-06-01 18:20:30.460,359.089018,359.1589
2024-06-01 18:20:30.972,359.089018,359.30896
2024-06-01 18:20:31.484,359.089018,359.4485
2024-06-01 18:20:31.996,359.089018,359.58194
2024-06-01 18:20:32.508,359.089018,359.58194
2024-06-01 18:20:33.020,369.56791,359.58194
2024-06-01 18:20:33.532,370.208829,370.08795
2024-06-01 18:20:34.044,370.208829,371.2125
2024-06-01 18:20:34.556,370.208829,369.0983
2024-06-01 18:20:35.068,359.711764,368.36224
2024-06-01 18:20:35.580,359.711764,358.7313
2024-06-01 18:20:36.092,359.711764,358.21762
2024-06-01 18:20:36.604,359.711764,360.3123
2024-06-01 18:20:37.116,349.2147,361.14804
2024-06-01 18:20:37.628,349.2147,350.22067
2024-06-01 18:20:38.140,349.2147,348.75644
2024-06-01 18:20:38.652,349.2147,350.3268
2024-06-01 18:20:39.164,359.711764,350.88992
2024-06-01 18:20:39.676,359.711764,360.49332
2024-06-01 18:20:40.188,359.711764,361.03445
2024-06-01 18:20:40.700,359.711764,358.88998
2024-06-01 18:20:41.212,349.2147,357.99414
2024-06-01 18:20:41.724,349.2147,348.25082
2024-06-01 18:20:42.236,349.2147,347.52264
2024-06-01 18:20:42.748,349.2147,349.48752
2024-06-01 18:20:43.260,370.208829,350.3444
2024-06-01 18:20:43.772,370.208829,370.783
2024-06-01 18:20:44.284,370.208829,372.77438
2024-06-01 18:20:44.796,370.208829,368.33676
2024-06-01 18:20:45.308,359.711764,366.68137
2024-06-01 18:20:45.820,359.711764,357.7038
2024-06-01 18:20:46.332,359.711764,357.58908
2024-06-01 18:20:46.844,359.711764,359.90973
2024-06-01 18:20:47.356,359.711764,360.89566
2024-06-01 18:20:47.868,359.711764,360.41763
2024-06-01 18:20:48.380,359.711764,360.14822
2024-06-01 18:20:48.892,359.711764,359.98282
2024-06-01 18:20:49.404,359.711764,359.85175
2024-06-01 18:20:49.916,359.089018,359.71606
2024-06-01 18:20:50.428,359.089018,359.58194
2024-06-01 18:20:50.940,359.089018,359.58194
2024-06-01 18:20:51.452,359.089018,359.58194
2024-06-01 18:20:51.964,359.711764,359.58194
2024-06-01 18:20:52.476,359.711764,359.58194
2024-06-01 18:20:52.988,359.711764,359.58194
2024-06-01 18:20:53.500,370.208829,359.58194
2024-06-01 18:20:54.012,369.56791,370.08795
2024-06-01 18:20:54.524,369.56791,371.2125
2024-06-01 18:20:55.036,369.56791,369.0983
2024-06-01 18:20:55.548,369.56791,368.36224
2024-06-01 18:20:56.060,370.208829,369.18527
2024-06-01 18:20:56.572,370.208829,369.7363
2024-06-01 18:20:57.084,370.208829,369.90714
2024-06-01 18:20:57.596,380.705894,370.0287
2024-06-01 18:20:58.108,380.705894,380.78683
2024-06-01 18:20:58.620,380.705894,381.95825
2024-06-01 18:20:59.132,380.705894,379.69156
2024-06-01 18:20:59.644,359.711764,378.97546
2024-06-01 18:21:00.156,359.711764,358.91382
2024-06-01 18:21:00.668,359.711764,357.4882
2024-06-01 18:21:01.180,359.711764,361.4175
2024-06-01 18:21:01.692,370.208829,362.8945
2024-06-01 18:21:02.204,370.208829,372.05997
2024-06-01 18:21:02.716,370.208829,372.2332
2024-06-01 18:21:03.228,370.208829,369.85495
2024-06-01 18:21:03.740,370.208829,368.89212
2024-06-01 18:21:04.252,370.208829,369.4516
2024-06-01 18:21:04.764,370.208829,369.7363
2024-06-01 18:21:05.276,370.208829,369.90707
2024-06-01 18:21:05.788,370.208829,370.02872
2024-06-01 18:21:06.300,370.208829,370.1507
2024-06-01 18:21:06.812,370.208829,370.2738
2024-06-01 18:21:07.323,370.208829,370.2738
2024-06-01 18:21:07.835,359.711764,370.2738
2024-06-01 18:21:08.347,359.711764,359.81705
2024-06-01 18:21:08.859,359.711764,358.7763
2024-06-01 18:21:09.371,359.711764,360.69092
2024-06-01 18:21:09.883,359.711764,361.39633
2024-06-01 18:21:10.395,359.711764,360.66745
2024-06-01 18:21:10.907,359.711764,360.14822
2024-06-01 18:21:11.419,359.711764,359.98282
2024-06-01 18:21:11.931,359.711764,359.85175
2024-06-01 18:21:12.443,359.711764,359.71606
2024-06-01 18:21:12.955,359.711764,359.58194
2024-06-01 18:21:13.467,359.711764,359.5819
2024-06-01 18:21:13.979,370.208829,359.5819
2024-06-01 18:21:14.491,369.56791,370.08795
2024-06-01 18:21:15.003,369.56791,371.2125
2024-06-01 18:21:15.515,369.56791,369.0983
2024-06-01 18:21:16.027,442.920153,376.8042
2024-06-01 18:21:16.539,443.688282,447.51627
2024-06-01 18:21:17.051,443.688282,440.22403
2024-06-01 18:21:17.563,443.688282,430.43277
2024-06-01 18:21:18.075,349.2147,432.26944
2024-06-01 18:21:18.587,349.2147,344.33456
2024-06-01 18:21:19.099,349.2147,339.7715
2024-06-01 18:21:19.611,349.2147,354.4619
2024-06-01 18:21:20.123,359.711764,359.9049
2024-06-01 18:21:20.635,359.711764,365.91568
2024-06-01 18:21:21.147,359.711764,363.94962
2024-06-01 18:21:21.659,359.711764,361.69083
2024-06-01 18:21:22.171,370.208829,360.20953
2024-06-01 18:21:22.683,370.208829,370.19577
2024-06-01 18:21:23.195,370.208829,370.59805
2024-06-01 18:21:23.707,370.208829,368.68277
2024-06-01 18:21:24.219,370.208829,368.09204
2024-06-01 18:21:24.731,370.208829,369.05298
2024-06-01 18:21:25.243,370.208829,369.7363
2024-06-01 18:21:25.755,370.208829,369.90707
2024-06-01 18:21:26.267,380.705894,370.02872
2024-06-01 18:21:26.779,380.705894,380.78683
2024-06-01 18:21:27.291,380.705894,381.95825
2024-06-01 18:21:27.803,380.705894,379.69156
2024-06-01 18:21:28.315,359.711764,378.97546
2024-06-01 18:21:28.827,359.711764,358.91382
2024-06-01 18:21:29.339,359.711764,357.4882
2024-06-01 18:21:29.851,359.711764,361.4175
2024-06-01 18:21:30.363,349.2147,362.8945
2024-06-01 18:21:30.875,349.2147,351.22925
2024-06-01 18:21:31.387,349.2147,349.28152
2024-06-01 18:21:31.899,349.2147,350.7161
2024-06-01 18:21:32.411,359.711764,351.1581
2024-06-01 18:21:32.923,359.711764,360.62747
2024-06-01 18:21:33.435,359.711764,361.03445
2024-06-01 18:21:33.947,359.711764,358.88998
2024-06-01 18:21:34.459,359.711764,357.9941
2024-06-01 18:21:34.971,359.711764,358.5629
2024-06-01 18:21:35.483,359.711764,358.95206
2024-06-01 18:21:35.995,359.711764,359.1589
2024-06-01 18:21:36.507,370.208829,359.30896
2024-06-01 18:21:37.019,370.208829,369.9563
2024-06-01 18:21:37.531,370.208829,371.2125
2024-06-01 18:21:38.043,370.208829,369.0983
2024-06-01 18:21:38.555,359.711764,368.36224
2024-06-01 18:21:39.067,359.711764,358.7313
2024-06-01 18:21:39.579,359.711764,358.21762
2024-06-01 18:21:40.091,359.711764,360.3123
2024-06-01 18:21:40.603,359.711764,361.14804
2024-06-01 18:21:41.115,359.089018,360.5422
2024-06-01 18:21:41.627,359.089018,362.18933
2024-06-01 18:21:42.139,359.089018,360.31772
2024-06-01 18:21:42.651,348.610126,357.25418
2024-06-01 18:21:43.163,349.2147,348.50345
2024-06-01 18:21:43.675,349.2147,348.434
2024-06-01 18:21:44.187,349.2147,350.20618
2024-06-01 18:21:44.699,359.711764,350.58875
2024-06-01 18:21:45.211,359.711764,360.25427
2024-06-01 18:21:45.723,359.711764,360.9382
2024-06-01 18:21:46.235,359.711764,358.79355
2024-06-01 18:21:46.747,380.705894,357.94345
2024-06-01 18:21:47.259,380.705894,379.73752
2024-06-01 18:21:47.771,380.705894,382.40866
2024-06-01 18:21:48.283,380.705894,378.05075
2024-06-01 18:21:48.795,359.711764,376.72543
2024-06-01 18:21:49.307,359.711764,357.69797
2024-06-01 18:21:49.819,359.711764,356.93506
2024-06-01 18:21:50.331,359.711764,361.05948
2024-06-01 18:21:50.843,359.711764,362.6691
2024-06-01 18:21:51.355,359.711764,361.43442
2024-06-01 18:21:51.867,359.711764,360.64688
2024-06-01 18:21:52.379,359.711764,360.36057
2024-06-01 18:21:52.891,370.208829,360.118
2024-06-01 18:21:53.403,370.208829,370.35318
2024-06-01 18:21:53.915,370.208829,371.2125
2024-06-01 18:21:54.427,370.208829,369.0983
2024-06-01 18:21:54.939,359.711764,368.36224
2024-06-01 18:21:55.451,359.711764,358.7313
2024-06-01 18:21:55.963,359.711764,358.21762
2024-06-01 18:21:56.475,359.711764,360.3123
2024-06-01 18:21:56.987,349.2147,361.14804
2024-06-01 18:21:57.499,349.2147,350.22067
2024-06-01 18:21:58.011,349.2147,348.75644
2024-06-01 18:21:58.523,349.2147,350.3268
2024-06-01 18:21:59.035,317.723506,350.88992
2024-06-01 18:21:59.547,317.173451,320.2452
2024-06-01 18:22:00.059,317.173451,318.2169
2024-06-01 18:22:00.571,317.173451,320.18094
2024-06-01 18:22:01.083,327.652343,319.2853
2024-06-01 18:22:01.595,327.652343,329.25626
2024-06-01 18:22:02.107,327.652343,330.19986
2024-06-01 18:22:02.619,327.652343,328.27594
2024-06-01 18:22:03.131,338.131235,326.84335
2024-06-01 18:22:03.643,338.131235,336.75632
2024-06-01 18:22:04.155,338.131235,338.03275
2024-06-01 18:22:04.667,338.131235,336.62415
2024-06-01 18:22:05.179,338.131235,336.1179
2024-06-01 18:22:05.691,338.131235,336.82065
2024-06-01 18:22:06.203,338.131235,337.41208
2024-06-01 18:22:06.715,338.131235,332.93655
2024-06-01 18:22:07.227,327.652343,335.88046
2024-06-01 18:22:07.739,327.652343,326.1352
2024-06-01 18:22:08.251,327.652343,325.24612
2024-06-01 18:22:08.763,327.652343,326.96664
2024-06-01 18:22:09.275,327.652343,327.9076
2024-06-01 18:22:09.787,328.22057,327.6871
2024-06-01 18:22:10.299,328.22057,327.59268
2024-06-01 18:22:10.811,328.22057,327.73776
2024-06-01 18:22:11.323,328.22057,327.97025
2024-06-01 18:22:11.835,327.652343,327.82376
2024-06-01 18:22:12.347,327.652343,327.69012
2024-06-01 18:22:12.859,327.652343,327.69012
2024-06-01 18:22:13.371,327.652343,327.69012
2024-06-01 18:22:13.883,327.652343,327.69012
2024-06-01 18:22:14.395,327.652343,327.69012
2024-06-01 18:22:14.907,327.652343,327.69012
2024-06-01 18:22:15.419,348.610126,327.69012
2024-06-01 18:22:15.931,349.2147,348.5355
2024-06-01 18:22:16.443,349.2147,355.06317
2024-06-01 18:22:16.955,349.2147,347.4575
2024-06-01 18:22:17.467,328.22057,340.06314
2024-06-01 18:22:17.979,327.652343,324.4429
2024-06-01 18:22:18.491,327.652343,325.80807
2024-06-01 18:22:19.003,327.652343,329.4214
2024-06-01 18:22:19.515,285.736775,330.29904
2024-06-01 18:22:20.027,285.736775,290.09677
2024-06-01 18:22:20.539,285.736775,286.08096
2024-06-01 18:22:21.051,285.736775,289.28857
2024-06-01 18:22:21.563,296.215667,290.81357
2024-06-01 18:22:22.075,296.729376,299.17508
2024-06-01 18:22:22.587,296.729376,298.97644
2024-06-01 18:22:23.099,296.729376,297.17386
2024-06-01 18:22:23.611,296.729376,295.9956
2024-06-01 18:22:24.123,296.729376,295.69775
2024-06-01 18:22:24.635,296.729376,295.48886
2024-06-01 18:22:25.147,296.729376,295.6761
2024-06-01 18:22:25.659,307.226441,295.8311
2024-06-01 18:22:26.171,307.226441,305.7889
2024-06-01 18:22:26.683,307.226441,307.12204
2024-06-01 18:22:27.195,307.226441,305.8182
2024-06-01 18:22:27.707,307.226441,305.2349
2024-06-01 18:22:28.219,306.694559,305.5878
2024-06-01 18:22:28.731,306.694559,305.91766
2024-06-01 18:22:29.243,306.694559,306.1206
2024-06-01 18:22:29.755,285.736775,306.28534
2024-06-01 18:22:30.267,286.232311,287.10056
2024-06-01 18:22:30.779,286.232311,285.1384
2024-06-01 18:22:31.291,286.232311,287.00095
2024-06-01 18:22:31.803,296.729376,287.9155
2024-06-01 18:22:32.315,296.729376,297.04233
2024-06-01 18:22:32.827,296.729376,297.744
2024-06-01 18:22:33.339,296.729376,296.3016
2024-06-01 18:22:33.851,286.232311,295.4532
2024-06-01 18:22:34.363,286.232311,285.8494
2024-06-01 18:22:34.875,286.232311,284.7548
2024-06-01 18:22:35.387,286.232311,285.88428
2024-06-01 18:22:35.899,296.729376,286.50583
2024-06-01 18:22:36.411,296.729376,296.04306
2024-06-01 18:22:36.923,296.729376,297.15353
2024-06-01 18:22:37.435,296.729376,295.88632
2024-06-01 18:22:37.947,307.226441,295.19507
2024-06-01 18:22:38.459,307.226441,305.15002
2024-06-01 18:22:38.971,307.226441,306.53165
2024-06-01 18:22:39.482,307.226441,300.73917
2024-06-01 18:22:39.994,296.729376,302.81253
2024-06-01 18:22:40.506,296.729376,293.5853
2024-06-01 18:22:41.018,296.729376,293.204
2024-06-01 18:22:41.530,296.729376,294.92523
2024-06-01 18:22:42.042,286.232311,295.9266
2024-06-01 18:22:42.554,286.232311,286.16568
2024-06-01 18:22:43.066,286.232311,285.34042
2024-06-01 18:22:43.578,286.232311,286.5659
2024-06-01 18:22:44.090,296.729376,287.1459
2024-06-01 18:22:44.602,296.729376,296.54123
2024-06-01 18:22:45.114,296.729376,297.18533
2024-06-01 18:22:45.626,296.729376,295.7076
2024-06-01 18:22:46.138,307.226441,295.06076
2024-06-01 18:22:46.650,307.226441,305.36215
2024-06-01 18:22:47.162,307.226441,306.56284
2024-06-01 18:22:47.674,307.226441,305.2262
2024-06-01 18:22:48.186,296.729376,304.8697
2024-06-01 18:22:48.698,296.215667,295.47067
2024-06-01 18:22:49.210,296.215667,295.04752
2024-06-01 18:22:49.722,296.215667,296.55457
2024-06-01 18:22:50.234,296.215667,297.168
2024-06-01 18:22:50.746,296.215667,296.88647
2024-06-01 18:22:51.258,296.215667,296.68924
2024-06-01 18:22:51.770,296.215667,296.5072
2024-06-01 18:22:52.282,285.736775,296.35226
2024-06-01 18:22:52.794,286.232311,286.38803
2024-06-01 18:22:53.306,286.232311,285.3317
2024-06-01 18:22:53.818,286.232311,286.45096
2024-06-01 18:22:54.330,275.735247,286.88638
2024-06-01 18:22:54.842,275.257884,276.91647
2024-06-01 18:22:55.354,275.257884,275.64807
2024-06-01 18:22:55.866,275.257884,276.38815
2024-06-01 18:22:56.378,306.694559,276.63602
2024-06-01 18:22:56.890,307.226441,305.93668
2024-06-01 18:22:57.402,307.226441,309.12436
2024-06-01 18:22:57.914,307.226441,304.52023
2024-06-01 18:22:58.426,307.226441,302.7043
2024-06-01 18:22:58.938,306.694559,303.85294
2024-06-01 18:22:59.450,306.694559,304.73856
2024-06-01 18:22:59.962,306.694559,305.32507
2024-06-01 18:23:00.474,285.736775,305.7924
2024-06-01 18:23:00.986,285.736775,286.38614
2024-06-01 18:23:01.498,285.736775,285.0548
2024-06-01 18:23:02.010,285.736775,287.29013
2024-06-01 18:23:02.522,296.215667,288.13348
2024-06-01 18:23:03.034,296.729376,297.30844
2024-06-01 18:23:03.546,296.729376,297.7667
2024-06-01 18:23:04.058,296.729376,296.12027
2024-06-01 18:23:04.570,296.729376,295.31866
2024-06-01 18:23:05.082,296.729376,295.42807
2024-06-01 18:23:05.594,296.729376,295.49908
2024-06-01 18:23:06.106,296.729376,295.68643
2024-06-01 18:23:06.618,296.729376,295.8409
2024-06-01 18:23:07.130,296.215667,295.97522
2024-06-01 18:23:07.642,296.215667,296.09387
2024-06-01 18:23:08.154,296.215667,296.09387
2024-06-01 18:23:08.666,306.694559,296.09387
2024-06-01 18:23:09.178,306.694559,306.1487
2024-06-01 18:23:09.690,306.694559,307.1483
2024-06-01 18:23:10.202,306.694559,305.63406
2024-06-01 18:23:10.714,285.736775,305.12265
2024-06-01 18:23:11.226,286.232311,285.80917
2024-06-01 18:23:11.738,286.232311,284.43848
2024-06-01 18:23:12.250,286.232311,286.87762
2024-06-01 18:23:12.762,286.232311,287.87613
2024-06-01 18:23:13.274,285.736775,287.32104
2024-06-01 18:23:13.786,285.736775,288.76794
2024-06-01 18:23:14.298,285.736775,287.03793
2024-06-01 18:23:14.810,296.215667,284.14987
2024-06-01 18:23:15.322,296.215667,294.9776
2024-06-01 18:23:15.834,296.215667,296.63116
2024-06-01 18:23:16.346,296.215667,295.38535
2024-06-01 18:23:16.858,296.215667,294.72632
2024-06-01 18:23:17.370,296.729376,295.0831
2024-06-01 18:23:17.882,296.729376,295.40347
2024-06-01 18:23:18.394,296.729376,295.59824
2024-06-01 18:23:18.906,296.729376,295.7981
2024-06-01 18:23:19.418,296.729376,295.97522
2024-06-01 18:23:19.930,296.729376,296.09387
2024-06-01 18:23:20.442,296.729376,296.09387
2024-06-01 18:23:20.954,286.232311,296.09387
2024-06-01 18:23:21.466,285.736775,286.2655
2024-06-01 18:23:21.978,285.736775,285.3317
2024-06-01 18:23:22.490,285.736775,286.45096
2024-06-01 18:23:23.002,275.257884,286.88638
2024-06-01 18:23:23.514,275.735247,276.91647
2024-06-01 18:23:24.026,275.735247,275.64807
2024-06-01 18:23:24.538,275.735247,276.38812
2024-06-01 18:23:25.050,296.729376,276.63608
2024-06-01 18:23:25.562,296.729376,295.8173
2024-06-01 18:23:26.074,296.729376,297.743
2024-06-01 18:23:26.586,296.729376,295.01083
2024-06-01 18:23:27.098,307.226441,293.83975
2024-06-01 18:23:27.610,307.226441,304.47855
2024-06-01 18:23:28.122,307.226441,305.98224
2024-06-01 18:23:28.634,307.226441,304.82477
2024-06-01 18:23:29.146,286.232311,304.62228
2024-06-01 18:23:29.658,286.232311,285.56912
2024-06-01 18:23:30.170,286.232311,284.43848
2024-06-01 18:23:30.682,286.232311,286.87762
2024-06-01 18:23:31.194,296.729376,287.87613
2024-06-01 18:23:31.706,296.729376,297.18787
2024-06-01 18:23:32.218,296.729376,297.7667
2024-06-01 18:23:32.730,296.729376,296.12027
2024-06-01 18:23:33.242,286.232311,295.31866
2024-06-01 18:23:33.754,286.232311,285.60196
2024-06-01 18:23:34.266,286.232311,284.72784
2024-06-01 18:23:34.778,286.232311,286.04312
2024-06-01 18:23:35.290,296.729376,286.63266
2024-06-01 18:23:35.802,296.215667,296.30344
2024-06-01 18:23:36.314,296.215667,303.23663
2024-06-01 18:23:36.826,296.215667,297.3411
2024-06-01 18:23:37.338,296.215667,292.39975
2024-06-01 18:23:37.850,296.215667,293.90335
2024-06-01 18:23:38.362,296.215667,291.42758
2024-06-01 18:23:38.874,296.215667,294.38992
2024-06-01 18:23:39.386,285.736775,295.7277
2024-06-01 18:23:39.898,285.736775,286.0038
2024-06-01 18:23:40.410,285.736775,284.8591
2024-06-01 18:23:40.922,285.736775,285.93076
2024-06-01 18:23:41.434,296.215667,286.5432
2024-06-01 18:23:41.946,296.729376,296.23648
2024-06-01 18:23:42.458,296.729376,297.10025
2024-06-01 18:23:42.970,296.729376,295.7076
2024-06-01 18:23:43.482,275.735247,295.06076
2024-06-01 18:23:43.994,275.735247,275.888
2024-06-01 18:23:44.506,275.735247,274.2532
2024-06-01 18:23:45.018,275.735247,276.32956
2024-06-01 18:23:45.530,286.232311,277.26572
2024-06-01 18:23:46.042,286.232311,286.52313
2024-06-01 18:23:46.554,286.232311,287.2217
2024-06-01 18:23:47.066,286.232311,285.7918
2024-06-01 18:23:47.578,307.226441,285.02966
2024-06-01 18:23:48.090,306.694559,305.0289
2024-06-01 18:23:48.602,306.694559,307.27814
2024-06-01 18:23:49.114,306.694559,304.42322
2024-06-01 18:23:49.626,285.736775,303.50662
2024-06-01 18:23:50.138,286.232311,284.7539
2024-06-01 18:23:50.650,286.232311,283.8198
2024-06-01 18:23:51.162,286.232311,286.47055
2024-06-01 18:23:51.674,296.729376,287.6238
2024-06-01 18:23:52.186,296.729376,297.06952
2024-06-01 18:23:52.698,296.729376,297.7667
2024-06-01 18:23:53.210,296.729376,296.12027
2024-06-01 18:23:53.722,296.729376,295.31866
2024-06-01 18:23:54.234,296.729376,295.42807
2024-06-01 18:23:54.746,296.729376,295.49908
2024-06-01 18:23:55.258,296.729376,295.68643
2024-06-01 18:23:55.770,286.232311,295.8409
2024-06-01 18:23:56.282,286.232311,286.1453
2024-06-01 18:23:56.794,286.232311,285.3317
2024-06-01 18:23:57.306,286.232311,286.45093
2024-06-01 18:23:57.818,307.226441,286.8864
2024-06-01 18:23:58.330,307.226441,306.51086
2024-06-01 18:23:58.842,307.226441,308.39676
2024-06-01 18:23:59.354,307.226441,305.22284
2024-06-01 18:23:59.866,286.232311,304.00327
2024-06-01 18:24:00.378,286.232311,284.99326
2024-06-01 18:24:00.890,286.232311,283.8198
2024-06-01 18:24:01.402,286.232311,286.47055
2024-06-01 18:24:01.914,275.735247,287.6238
2024-06-01 18:24:02.426,275.257884,277.56345
2024-06-01 18:24:02.938,275.257884,276.25473
2024-06-01 18:24:03.450,275.257884,276.80582
2024-06-01 18:24:03.962,285.736775,276.89694
2024-06-01 18:24:04.474,286.232311,286.0343
2024-06-01 18:24:04.986,286.232311,286.65384
2024-06-01 18:24:05.498,286.232311,285.39224
2024-06-01 18:24:06.010,275.735247,284.78207
2024-06-01 18:24:06.522,275.257884,275.30667
2024-06-01 18:24:07.034,275.257884,274.4674
2024-06-01 18:24:07.546,275.257884,275.58566
2024-06-01 18:24:08.058,285.736775,276.13593
2024-06-01 18:24:08.570,285.736775,285.6839
2024-06-01 18:24:09.082,285.736775,286.65384
2024-06-01 18:24:09.594,285.736775,285.39224
2024-06-01 18:24:10.106,285.736775,284.78207
2024-06-01 18:24:10.618,286.232311,284.9487
2024-06-01 18:24:11.130,286.232311,285.1064
2024-06-01 18:24:11.642,286.232311,285.2856
2024-06-01 18:24:12.153,265.238182,285.43503
2024-06-01 18:24:12.665,265.238182,266.51962
2024-06-01 18:24:13.177,265.238182,264.72137
2024-06-01 18:24:13.689,265.238182,266.24042
2024-06-01 18:24:14.201,286.232311,266.94275
2024-06-01 18:24:14.713,285.736775,285.68747
2024-06-01 18:24:15.225,285.736775,287.62195
2024-06-01 18:24:15.737,285.736775,285.1878
2024-06-01 18:24:16.249,275.257884,283.95303
2024-06-01 18:24:16.761,275.735247,274.6032
2024-06-01 18:24:17.273,275.735247,273.90308
2024-06-01 18:24:17.785,275.735247,273.2933
2024-06-01 18:24:18.297,286.232311,274.90915
2024-06-01 18:24:18.809,285.736775,284.76163
2024-06-01 18:24:19.321,285.736775,285.87863
2024-06-01 18:24:19.833,285.736775,284.66266
2024-06-01 18:24:20.345,285.736775,284.22574
2024-06-01 18:24:20.857,285.736775,284.5555
2024-06-01 18:24:21.369,285.736775,284.8309
2024-06-01 18:24:21.881,285.736775,285.11584
2024-06-01 18:24:22.393,264.778992,285.3779
2024-06-01 18:24:22.905,265.238182,266.2897
2024-06-01 18:24:23.417,265.238182,264.63803
2024-06-01 18:24:23.929,265.238182,266.30035
2024-06-01 18:24:24.441,286.232311,266.9836
2024-06-01 18:24:24.953,286.232311,285.84885
2024-06-01 18:24:25.465,286.232311,287.60284
2024-06-01 18:24:25.977,286.232311,284.99692
2024-06-01 18:24:26.489,286.232311,283.79916
2024-06-01 18:24:27.001,285.736775,284.1746
2024-06-01 18:24:27.513,285.736775,284.4967
2024-06-01 18:24:28.025,285.736775,284.85052
2024-06-01 18:24:28.537,296.215667,285.14322
2024-06-01 18:24:29.049,296.215667,295.35858
2024-06-01 18:24:29.561,296.215667,296.54776
2024-06-01 18:24:30.073,296.215667,295.15994
2024-06-01 18:24:30.585,306.694559,294.6982
2024-06-01 18:24:31.097,306.694559,305.2669
2024-06-01 18:24:31.609,306.694559,306.48932
2024-06-01 18:24:32.121,306.694559,305.06378
2024-06-01 18:24:32.633,296.215667,304.74323
2024-06-01 18:24:33.145,296.729376,295.2912
2024-06-01 18:24:33.657,296.729376,294.95035
2024-06-01 18:24:34.169,296.729376,296.5256
2024-06-01 18:24:34.681,307.226441,297.09653
2024-06-01 18:24:35.193,307.226441,306.9177
2024-06-01 18:24:35.705,307.226441,307.6094
2024-06-01 18:24:36.217,307.226441,305.84976
2024-06-01 18:24:36.729,307.226441,305.23352
2024-06-01 18:24:37.241,306.694559,305.62582
2024-06-01 18:24:37.753,306.694559,305.8479
2024-06-01 18:24:38.265,306.694559,306.0227
2024-06-01 18:24:38.777,317.173451,306.1685
2024-06-01 18:24:39.289,317.723506,316.62357
2024-06-01 18:24:39.801,317.723506,317.5693
2024-06-01 18:24:40.313,317.723506,315.7639
2024-06-01 18:24:40.825,296.729376,315.29956
2024-06-01 18:24:41.337,296.729376,295.58435
2024-06-01 18:24:41.849,296.729376,294.53513
2024-06-01 18:24:42.361,296.729376,297.48477
2024-06-01 18:24:42.873,307.226441,298.4376
2024-06-01 18:24:43.385,306.694559,307.78427
2024-06-01 18:24:43.897,306.694559,308.15213
2024-06-01 18:24:44.409,306.694559,306.2438
2024-06-01 18:24:44.921,306.694559,305.48416
2024-06-01 18:24:45.433,307.226441,305.74307
2024-06-01 18:24:45.945,307.226441,305.8479
2024-06-01 18:24:46.457,307.226441,306.0227
2024-06-01 18:24:46.969,307.226441,306.1685
2024-06-01 18:24:47.481,306.694559,306.29678
2024-06-01 18:24:47.993,306.694559,306.41043
2024-06-01 18:24:48.505,306.694559,306.41043
2024-06-01 18:24:49.017,327.652343,306.41043
2024-06-01 18:24:49.529,327.652343,327.26114
2024-06-01 18:24:50.041,327.652343,328.97537
2024-06-01 18:24:50.553,327.652343,328.04318
2024-06-01 18:24:51.065,296.215667,325.45053
2024-06-01 18:24:51.577,296.729376,296.23386
2024-06-01 18:24:52.089,296.729376,294.7986
2024-06-01 18:24:52.601,296.729376,298.91876
2024-06-01 18:24:53.113,307.226441,300.2722
2024-06-01 18:24:53.625,306.694559,309.09793
2024-06-01 18:24:54.137,306.694559,309.21628
2024-06-01 18:24:54.649,306.694559,307.11063
2024-06-01 18:24:55.161,306.694559,305.949
2024-06-01 18:24:55.673,307.226441,305.98898
2024-06-01 18:24:56.185,307.226441,305.96133
2024-06-01 18:24:56.697,307.226441,306.15268
2024-06-01 18:24:57.209,296.729376,306.30942
2024-06-01 18:24:57.721,296.215667,296.46317
2024-06-01 18:24:58.233,296.215667,295.67908
2024-06-01 18:24:58.745,296.215667,296.9623
2024-06-01 18:24:59.257,338.131235,299.3924
2024-06-01 18:24:59.769,338.717635,338.9625
2024-06-01 18:25:00.281,338.717635,339.9491
2024-06-01 18:25:00.793,338.717635,333.11398
2024-06-01 18:25:01.305,286.232311,331.7504
2024-06-01 18:25:01.817,286.232311,284.20078
2024-06-01 18:25:02.329,286.232311,282.0691
2024-06-01 18:25:02.841,286.232311,288.19604
2024-06-01 18:25:03.353,307.226441,290.7642
2024-06-01 18:25:03.865,306.694559,309.4454
2024-06-01 18:25:04.377,306.694559,310.6418
2024-06-01 18:25:04.889,306.694559,306.9775
2024-06-01 18:25:05.401,296.215667,305.11758
2024-06-01 18:25:05.913,296.215667,295.31772
2024-06-01 18:25:06.425,296.215667,294.4444
2024-06-01 18:25:06.937,296.215667,296.13547
2024-06-01 18:25:07.449,285.736775,296.91815
2024-06-01 18:25:07.961,285.736775,286.9868
2024-06-01 18:25:08.473,285.736775,285.96146
2024-06-01 18:25:08.985,285.736775,286.8599
2024-06-01 18:25:09.497,327.652343,287.14536
2024-06-01 18:25:10.009,328.22057,327.30203
2024-06-01 18:25:10.521,328.22057,331.63107
2024-06-01 18:25:11.033,328.22057,323.98087
2024-06-01 18:25:11.545,296.729376,321.3917
2024-06-01 18:25:12.057,296.729376,293.39523
2024-06-01 18:25:12.569,296.729376,292.52716
2024-06-01 18:25:13.081,296.729376,297.19357
2024-06-01 18:25:13.593,296.729376,299.12103
2024-06-01 18:25:14.105,296.729376,298.3801
2024-06-01 18:25:14.617,296.729376,297.9012
2024-06-01 18:25:15.129,296.729376,297.37296
2024-06-01 18:25:15.641,296.729376,296.90546
2024-06-01 18:25:16.153,296.729376,296.48056
2024-06-01 18:25:16.665,296.729376,296.1076
2024-06-01 18:25:17.177,296.729376,296.1076
2024-06-01 18:25:17.689,296.729376,296.1076
2024-06-01 18:25:18.201,296.729376,296.1076
2024-06-01 18:25:18.713,296.729376,296.1076
2024-06-01 18:25:19.225,296.729376,296.10754
2024-06-01 18:25:19.737,317.723506,296.10754
2024-06-01 18:25:20.249,317.723506,316.36972
2024-06-01 18:25:20.761,317.723506,318.49664
2024-06-01 18:25:21.273,317.723506,315.11874
2024-06-01 18:25:21.785,296.729376,314.00693
2024-06-01 18:25:22.297,296.215667,295.0179
2024-06-01 18:25:22.809,296.215667,294.08066
2024-06-01 18:25:23.321,296.215667,297.04752
2024-06-01 18:25:23.833,296.215667,298.26364
2024-06-01 18:25:24.345,296.729376,297.7061
2024-06-01 18:25:24.857,296.729376,297.30984
2024-06-01 18:25:25.369,296.729376,296.94757
2024-06-01 18:25:25.881,296.729376,296.6346
2024-06-01 18:25:26.393,296.729376,296.3541
2024-06-01 18:25:26.905,296.729376,296.1076
2024-06-01 18:25:27.417,296.729376,296.1076
2024-06-01 18:25:27.929,296.729376,296.1076
2024-06-01 18:25:28.441,296.729376,296.1076
2024-06-01 18:25:28.953,296.729376,296.1076
2024-06-01 18:25:29.465,296.729376,296.1076
2024-06-01 18:25:29.977,317.723506,296.1076
2024-06-01 18:25:30.489,317.723506,316.36972
2024-06-01 18:25:31.001,317.723506,318.49664
2024-06-01 18:25:31.513,317.723506,315.11874
2024-06-01 18:25:32.025,307.226441,314.00693
2024-06-01 18:25:32.537,306.694559,304.94913
2024-06-01 18:25:33.049,306.694559,304.8268
2024-06-01 18:25:33.561,306.694559,306.70413
2024-06-01 18:25:34.073,317.173451,307.49808
2024-06-01 18:25:34.585,317.723506,317.47684
2024-06-01 18:25:35.097,317.723506,318.32556
2024-06-01 18:25:35.609,317.723506,316.4669
2024-06-01 18:25:36.121,296.729376,315.7823
2024-06-01 18:25:36.633,296.215667,296.12292
2024-06-01 18:25:37.145,296.215667,294.7074
2024-06-01 18:25:37.657,296.215667,297.45847
2024-06-01 18:25:38.169,296.215667,298.51773
2024-06-01 18:25:38.681,296.215667,297.82758
2024-06-01 18:25:39.193,296.215667,297.30984
2024-06-01 18:25:39.705,296.215667,296.94757
2024-06-01 18:25:40.217,327.652343,296.6346
2024-06-01 18:25:40.729,327.652343,327.04178
2024-06-01 18:25:41.241,327.652343,330.0853
2024-06-01 18:25:41.753,327.652343,324.41138
2024-06-01 18:25:42.265,296.215667,322.6743
2024-06-01 18:25:42.777,296.729376,294.28708
2024-06-01 18:25:43.289,296.729376,293.1733
2024-06-01 18:25:43.801,296.729376,297.59613
2024-06-01 18:25:44.312,286.232311,299.36438
2024-06-01 18:25:44.824,286.232311,288.69925
2024-06-01 18:25:45.336,286.232311,287.18118
2024-06-01 18:25:45.848,286.232311,287.71454
2024-06-01 18:25:46.360,296.729376,287.6851
2024-06-01 18:25:46.872,296.215667,296.76984
2024-06-01 18:25:47.384,296.215667,297.1955
2024-06-01 18:25:47.896,296.215667,295.74466
2024-06-01 18:25:48.408,296.215667,295.08792
2024-06-01 18:25:48.920,296.729376,295.31937
2024-06-01 18:25:49.432,296.729376,295.50812
2024-06-01 18:25:49.944,296.729376,295.69693
2024-06-01 18:25:50.456,317.723506,295.85254
2024-06-01 18:25:50.968,317.723506,316.25308
2024-06-01 18:25:51.480,317.723506,318.49664
2024-06-01 18:25:51.992,317.723506,315.1187
2024-06-01 18:25:52.504,307.226441,314.0069
2024-06-01 18:25:53.016,307.226441,304.94913
2024-06-01 18:25:53.528,307.226441,304.8268
2024-06-01 18:25:54.040,307.226441,306.70413
2024-06-01 18:25:54.552,286.232311,307.49808
2024-06-01 18:25:55.064,286.232311,287.5292
2024-06-01 18:25:55.576,286.232311,285.7029
2024-06-01 18:25:56.088,286.232311,287.68777
2024-06-01 18:25:56.600,296.729376,288.38928
2024-06-01 18:25:57.112,296.215667,297.4163
2024-06-01 18:25:57.624,296.215667,297.7819
2024-06-01 18:25:58.136,296.215667,296.16022
2024-06-01 18:25:58.648,296.215667,295.34738
2024-06-01 18:25:59.160,296.215667,295.44025
2024-06-01 18:25:59.672,296.215667,295.50812
2024-06-01 18:26:00.184,296.215667,295.69693
2024-06-01 18:26:00.696,317.173451,295.85254
2024-06-01 18:26:01.208,317.173451,316.25308
2024-06-01 18:26:01.720,317.173451,318.49664
2024-06-01 18:26:02.232,317.173451,315.11874
2024-06-01 18:26:02.744,296.215667,314.00693
2024-06-01 18:26:03.256,296.729376,295.0179
2024-06-01 18:26:03.768,296.729376,294.08066
2024-06-01 18:26:04.280,296.729376,297.04752
2024-06-01 18:26:04.792,296.729376,298.26364
2024-06-01 18:26:05.304,296.729376,297.7061
2024-06-01 18:26:05.816,296.729376,297.30984
2024-06-01 18:26:06.328,296.729376,296.94757
2024-06-01 18:26:06.840,286.232311,296.6346
2024-06-01 18:26:07.352,285.736775,286.5602
2024-06-01 18:26:07.864,285.736775,285.34805
2024-06-01 18:26:08.376,285.736775,286.44122
2024-06-01 18:26:08.888,296.215667,286.88367
2024-06-01 18:26:09.400,296.729376,296.40018
2024-06-01 18:26:09.912,296.729376,297.1955
2024-06-01 18:26:10.424,296.729376,295.74466
2024-06-01 18:26:10.936,317.723506,295.08792
2024-06-01 18:26:11.448,317.723506,315.5809
2024-06-01 18:26:11.960,317.723506,317.91492
2024-06-01 18:26:12.472,317.723506,314.70578
2024-06-01 18:26:12.984,286.232311,313.75082
2024-06-01 18:26:13.496,285.736775,285.19724
2024-06-01 18:26:14.008,285.736775,283.62527
2024-06-01 18:26:14.520,285.736775,287.30783
2024-06-01 18:26:15.032,296.215667,288.86755
2024-06-01 18:26:15.544,296.215667,297.9481
2024-06-01 18:26:16.056,296.215667,300.34457
2024-06-01 18:26:16.568,296.215667,297.11462
2024-06-01 18:26:17.080,296.215667,293.46304
2024-06-01 18:26:17.592,296.215667,294.7579
2024-06-01 18:26:18.104,296.215667,297.50864
2024-06-01 18:26:18.616,296.215667,296.31308
2024-06-01 18:26:19.128,296.215667,293.62842
2024-06-01 18:26:19.640,296.729376,295.07944
2024-06-01 18:26:20.152,296.729376,296.06686
2024-06-01 18:26:20.664,296.729376,296.11078
2024-06-01 18:26:21.176,328.22057,295.9844
2024-06-01 18:26:21.688,327.652343,326.69772
2024-06-01 18:26:22.200,327.652343,330.00198
2024-06-01 18:26:22.712,327.652343,324.3442
2024-06-01 18:26:23.224,296.215667,322.63644
2024-06-01 18:26:23.736,296.729376,294.28708
2024-06-01 18:26:24.248,296.729376,293.1733
2024-06-01 18:26:24.760,296.729376,297.5961
2024-06-01 18:26:25.272,286.232311,299.3644
2024-06-01 18:26:25.784,286.232311,288.69925
2024-06-01 18:26:26.296,286.232311,287.18118
2024-06-01 18:26:26.808,286.232311,287.71454
2024-06-01 18:26:27.320,307.226441,287.6851
2024-06-01 18:26:27.832,307.226441,306.82257
2024-06-01 18:26:28.344,307.226441,308.40817
2024-06-01 18:26:28.856,307.226441,305.29108
2024-06-01 18:26:29.368,296.729376,304.04648
2024-06-01 18:26:29.880,296.215667,294.81195
2024-06-01 18:26:30.392,296.215667,294.4444
2024-06-01 18:26:30.904,296.215667,296.13547
2024-06-01 18:26:31.416,317.173451,302.8635
2024-06-01 18:26:31.928,317.723506,318.74683
2024-06-01 18:26:32.440,317.723506,312.15646
2024-06-01 18:26:32.952,317.723506,313.05032
2024-06-01 18:26:33.464,307.226441,314.81705
2024-06-01 18:26:33.976,306.694559,305.549
2024-06-01 18:26:34.488,306.694559,306.59805
2024-06-01 18:26:35.000,306.694559,306.8948
2024-06-01 18:26:35.512,296.215667,304.94455
2024-06-01 18:26:36.024,296.215667,296.21252
2024-06-01 18:26:36.536,296.215667,296.24597
2024-06-01 18:26:37.048,296.215667,297.4864
2024-06-01 18:26:37.560,285.736775,297.61612
2024-06-01 18:26:38.072,286.232311,287.25455
2024-06-01 18:26:38.584,286.232311,285.86227
2024-06-01 18:26:39.096,286.232311,286.76498
2024-06-01 18:26:39.608,296.729376,287.10037
2024-06-01 18:26:40.120,296.729376,296.5211
2024-06-01 18:26:40.632,296.729376,297.1955
2024-06-01 18:26:41.144,296.729376,295.74466
2024-06-01 18:26:41.656,328.22057,295.08792
2024-06-01 18:26:42.168,328.22057,326.01602
2024-06-01 18:26:42.680,328.22057,329.51205
2024-06-01 18:26:43.192,328.22057,323.9975
2024-06-01 18:26:43.704,296.729376,322.41776
2024-06-01 18:26:44.216,296.729376,294.1625
2024-06-01 18:26:44.728,296.729376,293.1733
2024-06-01 18:26:45.240,296.729376,297.59613
2024-06-01 18:26:45.752,296.729376,299.36438
2024-06-01 18:26:46.264,296.729376,298.49792
2024-06-01 18:26:46.776,296.729376,297.9012
2024-06-01 18:26:47.288,296.729376,297.37296
2024-06-01 18:26:47.800,307.226441,296.90546
2024-06-01 18:26:48.312,307.226441,306.49893
2024-06-01 18:26:48.824,307.226441,307.16208
2024-06-01 18:26:49.336,307.226441,305.6761
2024-06-01 18:26:49.848,286.232311,305.15213
2024-06-01 18:26:50.360,285.736775,285.88544
2024-06-01 18:26:50.872,285.736775,286.31055
2024-06-01 18:26:51.384,285.736775,287.36646
2024-06-01 18:26:51.896,327.652343,285.84402
2024-06-01 18:26:52.408,328.22057,327.0587
2024-06-01 18:26:52.920,328.22057,332.26395
2024-06-01 18:26:53.432,328.22057,324.5978
2024-06-01 18:26:53.944,296.729376,321.59018
2024-06-01 18:26:54.456,296.729376,293.4235
2024-06-01 18:26:54.968,296.729376,292.4279
2024-06-01 18:26:55.480,296.729376,297.08987
2024-06-01 18:26:55.992,307.226441,299.07248
2024-06-01 18:26:56.504,306.694559,308.40717
2024-06-01 18:26:57.016,306.694559,308.91568
2024-06-01 18:26:57.528,306.694559,306.93622
2024-06-01 18:26:58.040,296.215667,305.94904
2024-06-01 18:26:58.552,296.215667,296.0128
2024-06-01 18:26:59.064,296.215667,295.06287
2024-06-01 18:26:59.576,296.215667,296.54648
2024-06-01 18:27:00.088,296.215667,297.17218
2024-06-01 18:27:00.600,296.729376,296.90634
2024-06-01 18:27:01.112,296.729376,296.71008
2024-06-01 18:27:01.624,296.729376,296.5251
2024-06-01 18:27:02.136,307.226441,296.36844
2024-06-01 18:27:02.648,307.226441,306.2515
2024-06-01 18:27:03.160,307.226441,307.16208
2024-06-01 18:27:03.672,307.226441,305.6761
2024-06-01 18:27:04.184,296.729376,305.15213
2024-06-01 18:27:04.696,296.729376,295.63562
2024-06-01 18:27:05.208,296.729376,295.06287
2024-06-01 18:27:05.720,296.729376,296.54648
2024-06-01 18:27:06.232,317.723506,297.17218
2024-06-01 18:27:06.744,317.173451,317.16992
2024-06-01 18:27:07.256,317.173451,319.07767
2024-06-01 18:27:07.768,317.173451,315.53598
2024-06-01 18:27:08.280,285.736775,314.26816
2024-06-01 18:27:08.792,286.232311,285.44778
2024-06-01 18:27:09.304,286.232311,283.62527
2024-06-01 18:27:09.816,286.232311,287.30783
2024-06-01 18:27:10.328,296.729376,288.86755
2024-06-01 18:27:10.840,296.729376,297.9481
2024-06-01 18:27:11.352,296.729376,298.37088
2024-06-01 18:27:11.864,296.729376,296.58304
2024-06-01 18:27:12.376,307.226441,295.61307
2024-06-01 18:27:12.888,307.226441,305.58344
2024-06-01 18:27:13.400,307.226441,306.57175
2024-06-01 18:27:13.912,307.226441,305.26437
2024-06-01 18:27:14.424,296.729376,304.89667
2024-06-01 18:27:14.936,296.729376,295.51437
2024-06-01 18:27:15.448,296.729376,295.06287
2024-06-01 18:27:15.960,296.729376,296.54648
2024-06-01 18:27:16.472,317.723506,297.17218
2024-06-01 18:27:16.983,317.723506,317.16992
2024-06-01 18:27:17.495,317.723506,319.07767
2024-06-01 18:27:18.007,317.723506,315.53598
2024-06-01 18:27:18.519,296.729376,314.26816
2024-06-01 18:27:19.031,296.729376,295.14313
2024-06-01 18:27:19.543,296.729376,294.08066
2024-06-01 18:27:20.055,296.729376,297.04752
2024-06-01 18:27:20.567,296.729376,298.26364
2024-06-01 18:27:21.079,296.215667,297.7061
2024-06-01 18:27:21.591,296.215667,297.30984
2024-06-01 18:27:22.103,296.215667,296.94757
2024-06-01 18:27:22.615,306.694559,296.6346
2024-06-01 18:27:23.127,306.694559,306.37418
2024-06-01 18:27:23.639,306.694559,307.16208
2024-06-01 18:27:24.151,306.694559,305.6761
2024-06-01 18:27:24.663,296.215667,305.15213
2024-06-01 18:27:25.175,296.729376,295.63562
2024-06-01 18:27:25.687,296.729376,295.06287
2024-06-01 18:27:26.199,296.729376,296.54648
2024-06-01 18:27:26.711,296.729376,297.17218
2024-06-01 18:27:27.223,296.729376,296.90634
2024-06-01 18:27:27.735,296.729376,296.71008
2024-06-01 18:27:28.247,296.729376,296.5251
2024-06-01 18:27:28.759,296.729376,296.36844
2024-06-01 18:27:29.271,296.729376,296.22968
2024-06-01 18:27:29.783,296.729376,296.1076
2024-06-01 18:27:30.295,296.729376,296.10754
2024-06-01 18:27:30.807,307.226441,296.10754
2024-06-01 18:27:31.319,307.226441,306.13107
2024-06-01 18:27:31.831,307.226441,307.16208
2024-06-01 18:27:32.343,307.226441,305.6761
2024-06-01 18:27:32.855,317.723506,305.15213
2024-06-01 18:27:33.367,317.173451,315.8173
2024-06-01 18:27:33.879,317.173451,317.1444
2024-06-01 18:27:34.391,317.173451,315.63632
2024-06-01 18:27:34.903,296.215667,315.26114
2024-06-01 18:27:35.415,296.729376,295.87326
2024-06-01 18:27:35.927,296.729376,294.7074
2024-06-01 18:27:36.439,296.729376,297.45847
2024-06-01 18:27:36.951,296.729376,298.51773
2024-06-01 18:27:37.463,296.729376,297.82758
2024-06-01 18:27:37.975,296.729376,297.30984
2024-06-01 18:27:38.487,296.729376,296.94757
2024-06-01 18:27:38.999,296.729376,296.6346
2024-06-01 18:27:39.511,296.729376,296.3541
2024-06-01 18:27:40.023,296.729376,296.1076
2024-06-01 18:27:40.535,296.729376,296.1076
2024-06-01 18:27:41.047,328.22057,296.1076
2024-06-01 18:27:41.559,327.652343,326.80493
2024-06-01 18:27:42.071,327.652343,330.0853
2024-06-01 18:27:42.583,327.652343,324.41138
2024-06-01 18:27:43.095,338.131235,322.6743
2024-06-01 18:27:43.607,338.717635,335.109
2024-06-01 18:27:44.119,338.717635,337.2126
2024-06-01 18:27:44.631,338.717635,335.68262
2024-06-01 18:27:45.143,328.22057,335.61264
2024-06-01 18:27:45.655,328.22057,326.29752
2024-06-01 18:27:46.167,328.22057,326.31552
2024-06-01 18:27:46.679,328.22057,328.3273
2024-06-01 18:27:47.191,328.22057,328.933
2024-06-01 18:27:47.703,328.22057,328.34885
2024-06-01 18:27:48.215,328.22057,328.07608
2024-06-01 18:27:48.727,328.22057,327.93845
2024-06-01 18:27:49.239,338.717635,327.80807
2024-06-01 18:27:49.751,338.131235,338.21445
2024-06-01 18:27:50.263,338.131235,338.93405
2024-06-01 18:27:50.775,338.131235,342.2961
2024-06-01 18:27:51.287,327.652343,338.7465
2024-06-01 18:27:51.799,327.652343,328.69205
2024-06-01 18:27:52.311,327.652343,328.16666
2024-06-01 18:27:52.823,327.652343,329.96997
2024-06-01 18:27:53.335,338.131235,330.34598
2024-06-01 18:27:53.847,338.131235,339.86734
2024-06-01 18:27:54.359,338.131235,340.36
2024-06-01 18:27:54.871,338.131235,338.05508
2024-06-01 18:27:55.383,327.652343,338.90533
2024-06-01 18:27:55.895,328.22057,327.53323
2024-06-01 18:27:56.407,328.22057,324.0375
2024-06-01 18:27:56.919,328.22057,327.38632
2024-06-01 18:27:57.431,328.22057,329.2036
2024-06-01 18:27:57.943,327.652343,328.8329
2024-06-01 18:27:58.455,327.652343,330.26157
2024-06-01 18:27:58.967,327.652343,328.44705
2024-06-01 18:27:59.479,338.131235,325.49252
2024-06-01 18:27:59.991,338.131235,337.11252
2024-06-01 18:28:00.503,338.131235,339.2238
2024-06-01 18:28:01.015,338.131235,337.47443
2024-06-01 18:28:01.527,317.173451,336.52444
2024-06-01 18:28:02.039,317.173451,316.84604
2024-06-01 18:28:02.551,317.173451,315.36935
2024-06-01 18:28:03.063,317.173451,318.4374
2024-06-01 18:28:03.575,369.56791,319.7825
2024-06-01 18:28:04.087,369.56791,371.57498
2024-06-01 18:28:04.599,369.56791,376.85135
2024-06-01 18:28:05.111,369.56791,364.66904
2024-06-01 18:28:05.623,369.56791,360.8845
2024-06-01 18:28:06.135,369.56791,365.04337
2024-06-01 18:28:06.647,369.56791,367.44244
2024-06-01 18:28:07.159,369.56791,368.3976
2024-06-01 18:28:07.671,359.089018,369.00253
2024-06-01 18:28:08.183,359.711764,358.82852
2024-06-01 18:28:08.695,359.711764,358.5593
2024-06-01 18:28:09.207,359.711764,360.73114
2024-06-01 18:28:09.719,370.208829,361.3079
2024-06-01 18:28:10.231,370.208829,371.15448
2024-06-01 18:28:10.743,370.208829,371.5502
2024-06-01 18:28:11.255,370.208829,369.10257
2024-06-01 18:28:11.767,370.208829,368.42285
2024-06-01 18:28:12.279,370.208829,369.3011
2024-06-01 18:28:12.791,370.208829,369.67953
2024-06-01 18:28:13.303,370.208829,369.76602
2024-06-01 18:28:14.327,370.208829,369.8469
2024-06-01 18:28:14.839,370.208829,369.94547
2024-06-01 18:28:15.351,370.208829,370.05148
2024-06-01 18:28:15.863,370.208829,370.05148
2024-06-01 18:28:16.375,369.56791,370.05148
2024-06-01 18:28:16.887,369.56791,370.05148
2024-06-01 18:28:17.399,369.56791,370.05148
2024-06-01 18:28:17.911,359.089018,370.05148
2024-06-01 18:28:18.423,359.711764,359.3571
2024-06-01 18:28:18.935,359.711764,358.5593
2024-06-01 18:28:19.447,359.711764,360.73114
2024-06-01 18:28:19.959,370.208829,361.30792
2024-06-01 18:28:20.471,370.208829,371.15448
2024-06-01 18:28:20.983,370.208829,371.5502
2024-06-01 18:28:21.495,370.208829,369.10257
2024-06-01 18:28:22.007,380.705894,368.42285
2024-06-01 18:28:22.519,380.705894,380.15674
2024-06-01 18:28:23.031,380.705894,381.3621
2024-06-01 18:28:23.543,380.705894,384.53754
2024-06-01 18:28:24.055,380.705894,380.69818
2024-06-01 18:28:24.567,380.705894,381.1248
2024-06-01 18:28:25.079,380.705894,381.8605
2024-06-01 18:28:25.591,380.705894,382.249
2024-06-01 18:28:26.103,370.208829,382.02884
2024-06-01 18:28:26.615,370.208829,371.21622
2024-06-01 18:28:27.127,370.208829,370.01608
2024-06-01 18:28:27.639,370.208829,371.73257
2024-06-01 18:28:28.151,359.711764,372.0916
2024-06-01 18:28:28.663,359.711764,360.87228
2024-06-01 18:28:29.175,359.711764,359.28305
2024-06-01 18:28:29.687,359.711764,361.0108
2024-06-01 18:28:30.199,370.208829,361.61545
2024-06-01 18:28:30.711,369.56791,371.26004
2024-06-01 18:28:31.223,369.56791,373.83127
2024-06-01 18:28:31.735,369.56791,369.83084
2024-06-01 18:28:32.247,390.525694,365.9549
2024-06-01 18:28:32.759,390.525694,389.65244
2024-06-01 18:28:33.271,390.525694,395.82083
2024-06-01 18:28:33.783,390.525694,389.41824
2024-06-01 18:28:34.295,369.56791,384.45615
2024-06-01 18:28:34.807,370.208829,367.19354
2024-06-01 18:28:35.319,370.208829,367.79294
2024-06-01 18:28:35.831,370.208829,372.0494
2024-06-01 18:28:36.343,380.705894,373.29337
2024-06-01 18:28:36.855,380.705894,382.45126
2024-06-01 18:28:37.367,380.705894,382.66385
2024-06-01 18:28:37.879,380.705894,380.25772
2024-06-01 18:28:38.391,359.711764,379.4106
2024-06-01 18:28:38.903,359.089018,359.23483
2024-06-01 18:28:39.415,359.089018,357.48666
2024-06-01 18:28:39.927,359.089018,361.34543
2024-06-01 18:28:40.439,359.089018,362.86093
2024-06-01 18:28:40.951,359.089018,361.5764
2024-06-01 18:28:41.463,359.089018,364.72202
2024-06-01 18:28:41.975,359.089018,360.98782
2024-06-01 18:28:42.487,390.525694,354.98477
2024-06-01 18:28:42.999,391.202959,389.7612
2024-06-01 18:28:43.511,391.202959,395.59372
2024-06-01 18:28:44.023,391.202959,388.61685
2024-06-01 18:28:44.535,370.208829,385.45837
2024-06-01 18:28:45.047,370.208829,366.97745
2024-06-01 18:28:45.559,370.208829,366.7194
2024-06-01 18:28:46.071,370.208829,371.2313
2024-06-01 18:28:46.583,359.711764,373.08176
2024-06-01 18:28:47.095,359.711764,361.4731
2024-06-01 18:28:47.607,359.711764,359.7209
2024-06-01 18:28:48.119,359.711764,361.3526
2024-06-01 18:28:48.631,370.208829,361.86136
2024-06-01 18:28:49.142,370.208829,371.3866
2024-06-01 18:28:49.654,370.208829,371.74872
2024-06-01 18:28:50.166,370.208829,369.50955
2024-06-01 18:28:50.678,359.711764,368.6248
2024-06-01 18:28:51.190,359.711764,358.8681
2024-06-01 18:28:51.702,359.711764,358.18674
2024-06-01 18:28:52.214,359.711764,360.25244
2024-06-01 18:28:52.726,380.705894,361.11
2024-06-01 18:28:53.238,380.046802,381.65598
2024-06-01 18:28:53.750,380.046802,383.52765
2024-06-01 18:28:54.262,380.046802,378.90106
2024-06-01 18:28:54.774,380.046802,377.26883
2024-06-01 18:28:55.286,380.705894,378.89474
2024-06-01 18:28:55.798,380.705894,379.9102
2024-06-01 18:28:56.310,380.705894,380.2424
2024-06-01 18:28:56.822,359.711764,380.4566
2024-06-01 18:28:57.334,359.711764,359.7576
2024-06-01 18:28:57.846,359.711764,357.9887
2024-06-01 18:28:58.358,359.711764,361.69064
2024-06-01 18:28:58.870,370.208829,363.0881
2024-06-01 18:28:59.382,370.208829,372.1644
2024-06-01 18:28:59.894,370.208829,372.24985
2024-06-01 18:29:00.406,370.208829,369.88837
2024-06-01 18:29:00.918,370.208829,368.89426
2024-06-01 18:29:01.430,370.208829,369.41675
2024-06-01 18:29:01.942,370.208829,369.70108
2024-06-01 18:29:02.454,370.208829,369.88474
2024-06-01 18:29:02.966,370.208829,370.01334
2024-06-01 18:29:03.478,370.208829,370.13934
2024-06-01 18:29:03.990,370.208829,370.2653
2024-06-01 18:29:04.502,370.208829,370.2653
2024-06-01 18:29:05.014,380.705894,372.34048
2024-06-01 18:29:05.526,380.046802,381.1825
2024-06-01 18:29:06.038,380.046802,383.4014
2024-06-01 18:29:06.550,380.046802,379.4092
2024-06-01 18:29:07.062,359.089018,373.92722
2024-06-01 18:29:07.574,359.711764,357.55692
2024-06-01 18:29:08.086,359.711764,358.09958
2024-06-01 18:29:08.598,359.711764,361.84146
2024-06-01 18:29:09.110,359.711764,362.65335
2024-06-01 18:29:09.622,359.089018,361.20767
2024-06-01 18:29:10.134,359.089018,360.3746
2024-06-01 18:29:10.646,359.089018,360.12762
2024-06-01 18:29:11.158,369.56791,359.98672
2024-06-01 18:29:11.670,369.56791,370.28793
2024-06-01 18:29:12.182,369.56791,373.25656
2024-06-01 18:29:12.694,369.56791,369.42847
2024-06-01 18:29:13.206,380.046802,365.68448
2024-06-01 18:29:13.718,380.046802,378.7832
2024-06-01 18:29:14.230,380.046802,381.77332
2024-06-01 18:29:14.742,380.046802,379.75836
2024-06-01 18:29:15.254,369.56791,378.70007
2024-06-01 18:29:15.766,369.56791,369.07187
2024-06-01 18:29:16.278,369.56791,368.7369
2024-06-01 18:29:16.790,369.56791,370.92154
2024-06-01 18:29:17.302,390.525694,371.80698
2024-06-01 18:29:17.814,390.525694,392.53714
2024-06-01 18:29:18.326,390.525694,394.2087
2024-06-01 18:29:18.838,390.525694,389.34787
2024-06-01 18:29:19.350,359.089018,389.97964
2024-06-01 18:29:19.862,359.711764,358.5139
2024-06-01 18:29:20.374,359.711764,353.65353
2024-06-01 18:29:20.886,359.711764,361.05838
2024-06-01 18:29:21.398,349.2147,364.52682
2024-06-01 18:29:21.910,348.610126,352.4851
2024-06-01 18:29:22.422,348.610126,353.6748
2024-06-01 18:29:22.934,348.610126,351.5607
2024-06-01 18:29:23.446,380.046802,346.3826
2024-06-01 18:29:23.958,380.705894,379.86435
2024-06-01 18:29:24.470,380.705894,385.16312
2024-06-01 18:29:24.982,380.705894,378.51065
2024-06-01 18:29:25.494,370.208829,375.20688
2024-06-01 18:29:26.006,370.208829,366.9066
2024-06-01 18:29:26.518,370.208829,367.44247
2024-06-01 18:29:27.030,370.208829,370.06363
2024-06-01 18:29:27.542,380.705894,371.28497
2024-06-01 18:29:28.054,380.046802,381.54657
2024-06-01 18:29:28.566,380.046802,382.41232
2024-06-01 18:29:29.078,380.046802,380.06552
2024-06-01 18:29:29.590,369.56791,379.2321
2024-06-01 18:29:30.102,369.56791,369.4659
2024-06-01 18:29:30.614,369.56791,373.01834
2024-06-01 18:29:31.126,369.56791,371.6735
2024-06-01 18:29:31.638,369.56791,366.52597
2024-06-01 18:29:32.150,370.208829,369.30258
2024-06-01 18:29:32.662,370.208829,371.44595
2024-06-01 18:29:33.174,370.208829,371.36728
2024-06-01 18:29:33.686,401.700023,370.43347
2024-06-01 18:29:34.198,401.700023,402.36447
2024-06-01 18:29:34.710,401.700023,405.41617
2024-06-01 18:29:35.222,401.700023,397.9614
2024-06-01 18:29:35.734,370.208829,395.95157
2024-06-01 18:29:36.246,370.208829,367.38837
2024-06-01 18:29:36.758,370.208829,366.2646
2024-06-01 18:29:37.270,370.208829,372.61688
2024-06-01 18:29:37.782,380.705894,374.88797
2024-06-01 18:29:38.294,380.046802,383.34207
2024-06-01 18:29:38.806,380.046802,383.09225
2024-06-01 18:29:39.318,380.046802,380.6572
2024-06-01 18:29:39.830,359.089018,379.7037
2024-06-01 18:29:40.342,359.089018,359.36356
2024-06-01 18:29:40.854,359.089018,357.48666
2024-06-01 18:29:41.366,359.089018,361.34543
2024-06-01 18:29:41.878,369.56791,362.86093
2024-06-01 18:29:42.390,370.208829,372.04825
2024-06-01 18:29:42.902,370.208829,372.24985
2024-06-01 18:29:43.414,370.208829,369.88837
2024-06-01 18:29:43.926,380.705894,368.89426
2024-06-01 18:29:44.438,380.705894,380.00705
2024-06-01 18:29:44.950,380.705894,381.40353
2024-06-01 18:29:45.462,380.705894,379.35852
2024-06-01 18:29:45.974,380.705894,378.74222
2024-06-01 18:29:46.486,380.705894,379.75864
2024-06-01 18:29:46.998,380.705894,380.44888
2024-06-01 18:29:47.510,380.705894,380.5862
2024-06-01 18:29:48.022,391.202959,380.68048
2024-06-01 18:29:48.534,391.202959,391.5
2024-06-01 18:29:49.046,391.202959,392.61612
2024-06-01 18:29:49.558,391.202959,390.24847
2024-06-01 18:29:50.070,359.711764,389.54068
2024-06-01 18:29:50.582,359.089018,359.07556
2024-06-01 18:29:51.094,359.089018,356.7738
2024-06-01 18:29:51.606,359.089018,362.37823
2024-06-01 18:29:52.118,380.046802,370.71323
2024-06-01 18:29:52.630,380.705894,384.61215
2024-06-01 18:29:53.142,380.705894,376.26083
2024-06-01 18:29:53.654,380.705894,376.90884
2024-06-01 18:29:54.166,380.705894,379.045
2024-06-01 18:29:54.678,380.046802,380.29977
2024-06-01 18:29:55.190,380.046802,381.89584
2024-06-01 18:29:55.702,380.046802,380.12363
2024-06-01 18:29:56.214,369.56791,377.29868
2024-06-01 18:29:56.726,370.208829,368.82852
2024-06-01 18:29:57.238,370.208829,369.5292
2024-06-01 18:29:57.750,370.208829,371.74353
2024-06-01 18:29:58.262,380.705894,372.0416
2024-06-01 18:29:58.774,380.705894,381.74307
2024-06-01 18:29:59.286,380.705894,382.29007
2024-06-01 18:29:59.798,380.705894,379.95074
2024-06-01 18:30:00.310,359.711764,379.17313
2024-06-01 18:30:00.822,359.711764,359.1063
2024-06-01 18:30:01.334,359.711764,357.48666
2024-06-01 18:30:01.846,359.711764,361.34543
2024-06-01 18:30:02.358,359.711764,364.89926
2024-06-01 18:30:02.870,359.711764,361.90085
2024-06-01 18:30:03.382,359.711764,358.08142
2024-06-01 18:30:03.894,359.711764,359.43222
2024-06-01 18:30:04.406,380.705894,360.3804
2024-06-01 18:30:04.918,380.705894,381.27853
2024-06-01 18:30:05.430,380.705894,382.95468
2024-06-01 18:30:05.942,380.705894,378.39993
2024-06-01 18:30:06.454,370.208829,376.89655
2024-06-01 18:30:06.966,369.56791,368.10458
2024-06-01 18:30:07.478,369.56791,368.24564
2024-06-01 18:30:07.990,369.56791,370.6893
2024-06-01 18:30:08.502,369.56791,371.6398
2024-06-01 18:30:09.014,369.56791,371.0585
2024-06-01 18:30:09.526,369.56791,370.75165
2024-06-01 18:30:10.038,369.56791,370.61844
2024-06-01 18:30:10.550,359.089018,370.51254
2024-06-01 18:30:11.062,359.089018,359.9764
2024-06-01 18:30:11.574,359.089018,362.80325
2024-06-01 18:30:12.086,359.089018,361.27768
2024-06-01 18:30:12.598,369.56791,356.24222
2024-06-01 18:30:13.110,369.56791,369.24957
2024-06-01 18:30:13.622,369.56791,374.44223
2024-06-01 18:30:14.134,369.56791,370.5739
2024-06-01 18:30:14.646,369.56791,365.91074
2024-06-01 18:30:15.158,370.208829,368.10562
2024-06-01 18:30:15.670,370.208829,369.8162
2024-06-01 18:30:16.182,370.208829,370.01666
2024-06-01 18:30:16.694,380.705894,369.8605
2024-06-01 18:30:17.206,380.705894,380.6055
2024-06-01 18:30:17.718,380.705894,381.83362
2024-06-01 18:30:18.230,380.705894,379.61505
2024-06-01 18:30:18.742,370.208829,381.05142
2024-06-01 18:30:19.254,369.56791,369.65308
2024-06-01 18:30:19.766,369.56791,366.16556
2024-06-01 18:30:20.278,369.56791,370.0852
2024-06-01 18:30:20.790,359.089018,372.20334
2024-06-01 18:30:21.302,359.711764,361.12473
2024-06-01 18:30:21.813,359.711764,359.23654
2024-06-01 18:30:22.325,359.711764,360.8727
2024-06-01 18:30:22.837,370.208829,361.49872
2024-06-01 18:30:23.349,369.56791,371.15073
2024-06-01 18:30:23.861,369.56791,373.77548
2024-06-01 18:30:24.373,369.56791,369.83084
2024-06-01 18:30:24.885,369.56791,365.9549
2024-06-01 18:30:25.397,369.56791,368.3469
2024-06-01 18:30:25.909,369.56791,370.04074
2024-06-01 18:30:26.421,369.56791,370.24832
2024-06-01 18:30:26.933,369.56791,369.97812
2024-06-01 18:30:27.445,369.56791,370.009
2024-06-01 18:30:27.957,369.56791,376.4119
2024-06-01 18:30:28.469,369.56791,371.08102
2024-06-01 18:30:28.981,380.046802,362.30167
2024-06-01 18:30:29.493,380.705894,378.00528
2024-06-01 18:30:30.005,380.705894,383.03244
2024-06-01 18:30:30.517,380.705894,380.9451
2024-06-01 18:30:31.029,370.208829,378.86087
2024-06-01 18:30:31.541,370.208829,368.8931
2024-06-01 18:30:32.053,370.208829,368.47128
2024-06-01 18:30:32.565,370.208829,370.66217
2024-06-01 18:30:33.077,370.208829,371.68158
2024-06-01 18:30:33.589,369.56791,371.17392
2024-06-01 18:30:34.101,369.56791,370.75165
2024-06-01 18:30:34.613,369.56791,370.61844
2024-06-01 18:30:35.125,348.610126,370.51254
2024-06-01 18:30:35.637,348.610126,349.7535
2024-06-01 18:30:36.149,348.610126,349.4484
2024-06-01 18:30:36.661,348.610126,351.20102
2024-06-01 18:30:37.173,380.046802,353.6882
2024-06-01 18:30:37.685,380.705894,382.29868
2024-06-01 18:30:38.197,380.705894,380.10715
2024-06-01 18:30:38.709,380.705894,376.80075
2024-06-01 18:30:39.221,370.208829,376.35318
2024-06-01 18:30:39.733,370.208829,367.8658
2024-06-01 18:30:40.245,370.208829,367.4657
2024-06-01 18:30:40.757,370.208829,369.91446
2024-06-01 18:30:41.269,359.711764,371.0903
2024-06-01 18:30:41.781,359.711764,360.27878
2024-06-01 18:30:42.293,359.711764,359.15982
2024-06-01 18:30:42.805,359.711764,361.0108
2024-06-01 18:30:43.317,380.705894,361.61545
2024-06-01 18:30:43.829,380.046802,381.90436
2024-06-01 18:30:44.341,380.046802,383.52765
2024-06-01 18:30:44.853,380.046802,378.90106
2024-06-01 18:30:45.365,359.089018,377.26883
2024-06-01 18:30:45.877,359.089018,358.0003
2024-06-01 18:30:46.389,359.089018,358.9022
2024-06-01 18:30:46.901,359.089018,361.2947
2024-06-01 18:30:47.413,369.56791,360.04385
2024-06-01 18:30:47.925,369.56791,370.9863
2024-06-01 18:30:48.437,369.56791,372.5704
2024-06-01 18:30:48.949,369.56791,370.26547
2024-06-01 18:30:49.461,369.56791,370.9222
2024-06-01 18:30:49.973,369.56791,369.60605
2024-06-01 18:30:50.485,369.56791,368.95282
2024-06-01 18:30:50.997,369.56791,369.15054
2024-06-01 18:30:51.509,359.089018,369.6647
2024-06-01 18:30:52.021,359.089018,359.47485
2024-06-01 18:30:52.533,359.089018,358.4326
2024-06-01 18:30:53.045,359.089018,360.21793
2024-06-01 18:30:53.557,359.089018,358.92172
2024-06-01 18:30:54.069,359.089018,359.8653
2024-06-01 18:30:54.581,359.089018,360.23196
2024-06-01 18:30:55.093,359.089018,360.0624
2024-06-01 18:30:55.605,369.56791,359.63583
2024-06-01 18:30:56.117,370.208829,369.93008
2024-06-01 18:30:56.629,370.208829,371.02188
2024-06-01 18:30:57.141,370.208829,369.00333
2024-06-01 18:30:57.653,380.705894,368.29742
2024-06-01 18:30:58.165,380.705894,379.73825
2024-06-01 18:30:58.677,380.705894,381.40353
2024-06-01 18:30:59.189,380.705894,379.35852
2024-06-01 18:30:59.701,370.208829,378.74222
2024-06-01 18:31:00.213,370.208829,369.21365
2024-06-01 18:31:00.725,370.208829,368.86426
2024-06-01 18:31:01.237,370.208829,371.0472
2024-06-01 18:31:01.749,370.208829,371.86826
2024-06-01 18:31:02.261,370.208829,371.17392
2024-06-01 18:31:02.773,370.208829,370.75165
2024-06-01 18:31:03.285,370.208829,370.61844
2024-06-01 18:31:03.797,359.711764,370.51254
2024-06-01 18:31:04.309,359.089018,359.97638
2024-06-01 18:31:04.821,359.089018,358.77127
2024-06-01 18:31:05.333,359.089018,360.64407
2024-06-01 18:31:05.845,359.089018,361.3649
2024-06-01 18:31:06.357,359.089018,360.66415
2024-06-01 18:31:06.869,359.089018,360.1407
2024-06-01 18:31:07.381,359.089018,359.96332
2024-06-01 18:31:07.893,380.046802,359.82602
2024-06-01 18:31:08.405,380.046802,380.7945
2024-06-01 18:31:08.917,380.046802,387.2634
2024-06-01 18:31:09.429,380.046802,379.14383
2024-06-01 18:31:09.941,359.089018,371.55338
2024-06-01 18:31:10.453,359.711764,356.0736
2024-06-01 18:31:10.965,359.711764,357.55392
2024-06-01 18:31:11.477,359.711764,361.6055
2024-06-01 18:31:11.989,370.208829,362.55505
2024-06-01 18:31:12.501,370.208829,371.68146
2024-06-01 18:31:13.013,370.208829,372.02213
2024-06-01 18:31:13.525,370.208829,369.6697
2024-06-01 18:31:14.037,370.208829,368.78275
2024-06-01 18:31:14.549,369.56791,369.41675
2024-06-01 18:31:15.061,369.56791,369.70108
2024-06-01 18:31:15.573,369.56791,369.88474
2024-06-01 18:31:16.085,348.610126,370.01334
2024-06-01 18:31:16.597,348.610126,349.49277
2024-06-01 18:31:17.109,348.610126,351.403
2024-06-01 18:31:17.621,348.610126,351.51926
2024-06-01 18:31:18.133,380.046802,349.26193
2024-06-01 18:31:18.645,380.705894,380.992
2024-06-01 18:31:19.157,380.705894,383.07947
2024-06-01 18:31:19.669,380.705894,378.07895
2024-06-01 18:31:20.181,359.711764,378.00095
2024-06-01 18:31:20.693,359.711764,357.3404
2024-06-01 18:31:21.205,359.711764,353.3878
2024-06-01 18:31:21.717,359.711764,359.2499
2024-06-01 18:31:22.229,349.2147,362.39493
2024-06-01 18:31:22.741,349.2147,351.27475
2024-06-01 18:31:23.253,349.2147,349.21115
2024-06-01 18:31:23.765,349.2147,350.5521
2024-06-01 18:31:24.277,370.208829,352.9741
2024-06-01 18:31:24.789,369.56791,371.3179
2024-06-01 18:31:25.301,369.56791,374.17023
2024-06-01 18:31:25.813,369.56791,368.11377
2024-06-01 18:31:26.325,369.56791,361.78024
2024-06-01 18:31:26.837,370.208829,366.57916
2024-06-01 18:31:27.349,370.208829,369.68518
2024-06-01 18:31:27.861,370.208829,370.07095
2024-06-01 18:31:28.373,370.208829,371.6393
2024-06-01 18:31:28.885,370.208829,369.94922
2024-06-01 18:31:29.397,370.208829,367.30063
2024-06-01 18:31:29.909,370.208829,369.105
2024-06-01 18:31:30.421,370.208829,372.56534
2024-06-01 18:31:30.933,370.208829,370.9528
2024-06-01 18:31:31.445,370.208829,367.55365
2024-06-01 18:31:31.957,370.208829,369.2033
2024-06-01 18:31:32.469,370.208829,372.56558
2024-06-01 18:31:32.981,370.208829,370.83432
2024-06-01 18:31:33.493,370.208829,367.49722
2024-06-01 18:31:34.005,370.208829,369.2033
2024-06-01 18:31:34.517,359.711764,370.49554
2024-06-01 18:31:35.029,359.711764,360.08856
2024-06-01 18:31:35.541,359.711764,358.66858
2024-06-01 18:31:36.053,359.711764,360.51266
2024-06-01 18:31:36.565,359.711764,361.24915
2024-06-01 18:31:37.077,359.711764,360.55457
2024-06-01 18:31:37.589,359.711764,360.08478
2024-06-01 18:31:38.101,359.711764,359.96332
2024-06-01 18:31:38.613,380.705894,359.82602
2024-06-01 18:31:39.125,380.705894,380.7945
2024-06-01 18:31:39.637,380.705894,382.97354
2024-06-01 18:31:40.149,380.705894,378.50748
2024-06-01 18:31:40.661,349.2147,377.00076
2024-06-01 18:31:41.173,348.610126,347.69876
2024-06-01 18:31:41.685,348.610126,347.67795
2024-06-01 18:31:42.197,348.610126,351.44196
2024-06-01 18:31:42.709,369.56791,350.93512
2024-06-01 18:31:43.221,370.208829,371.76358
2024-06-01 18:31:43.733,370.208829,374.11676
2024-06-01 18:31:44.245,370.208829,369.58307
2024-06-01 18:31:44.757,380.705894,367.2343
2024-06-01 18:31:45.269,380.705894,378.83932
2024-06-01 18:31:45.781,380.705894,380.67996
2024-06-01 18:31:46.293,380.705894,378.85654
2024-06-01 18:31:46.805,359.711764,378.4335
2024-06-01 18:31:47.317,359.711764,358.7233
2024-06-01 18:31:47.829,359.711764,357.48666
2024-06-01 18:31:48.341,359.711764,361.34543
2024-06-01 18:31:48.853,391.202959,362.86093
2024-06-01 18:31:49.365,391.202959,393.50638
2024-06-01 18:31:49.877,391.202959,395.87845
2024-06-01 18:31:50.389,391.202959,388.49167
2024-06-01 18:31:50.901,370.208829,386.05762
2024-06-01 18:31:51.413,370.208829,367.53555
2024-06-01 18:31:51.925,370.208829,366.97952
2024-06-01 18:31:52.437,370.208829,371.49774
2024-06-01 18:31:52.949,359.711764,373.20944
2024-06-01 18:31:53.461,359.711764,361.4731
2024-06-01 18:31:53.972,359.711764,359.7209
2024-06-01 18:31:54.484,359.711764,361.3526
2024-06-01 18:31:54.996,391.202959,361.86136
2024-06-01 18:31:55.508,391.202959,392.83224
2024-06-01 18:31:56.020,391.202959,395.4167
2024-06-01 18:31:56.532,391.202959,388.13977
2024-06-01 18:31:57.044,380.705894,385.80115
2024-06-01 18:31:57.556,380.705894,377.88077
2024-06-01 18:31:58.068,380.705894,378.4814
2024-06-01 18:31:58.580,380.705894,381.13553
2024-06-01 18:31:59.092,391.202959,382.12076
2024-06-01 18:31:59.604,391.202959,392.21048
2024-06-01 18:32:00.116,391.202959,392.95074
2024-06-01 18:32:00.628,391.202959,390.51248
2024-06-01 18:32:01.140,370.208829,389.74866
2024-06-01 18:32:01.652,370.208829,369.49536
2024-06-01 18:32:02.164,370.208829,368.00424
2024-06-01 18:32:02.676,370.208829,372.14508
2024-06-01 18:32:03.188,401.700023,373.61273
2024-06-01 18:32:03.700,401.700023,404.37766
2024-06-01 18:32:04.212,401.700023,406.4138
2024-06-01 18:32:04.724,401.700023,398.74896
2024-06-01 18:32:05.236,370.208829,396.51633
2024-06-01 18:32:05.748,369.56791,367.64102
2024-06-01 18:32:06.260,369.56791,372.4991
2024-06-01 18:32:06.772,369.56791,373.55655
2024-06-01 18:32:07.284,369.56791,366.8699
2024-06-01 18:32:07.796,370.208829,369.921
2024-06-01 18:32:08.308,370.208829,372.54575
2024-06-01 18:32:08.820,370.208829,372.3917
2024-06-01 18:32:09.332,391.202959,370.86133
2024-06-01 18:32:09.844,391.202959,391.5505
2024-06-01 18:32:10.356,391.202959,393.41043
2024-06-01 18:32:10.868,391.202959,388.69415
2024-06-01 18:32:11.380,359.711764,387.39764
2024-06-01 18:32:11.892,359.711764,358.0733
2024-06-01 18:32:12.404,359.711764,356.27673
2024-06-01 18:32:12.916,359.711764,362.05093
2024-06-01 18:32:13.428,370.208829,364.29648
2024-06-01 18:32:13.940,369.56791,372.88968
2024-06-01 18:32:14.452,369.56791,376.87558
2024-06-01 18:32:14.964,369.56791,370.86862
2024-06-01 18:32:15.476,369.56791,363.8509
2024-06-01 18:32:15.988,370.208829,367.6905
2024-06-01 18:32:16.500,370.208829,370.3641
2024-06-01 18:32:17.012,370.208829,370.61172
2024-06-01 18:32:17.524,359.711764,369.94534
2024-06-01 18:32:18.036,359.089018,359.4584
2024-06-01 18:32:18.548,359.089018,358.52814
2024-06-01 18:32:19.060,359.089018,360.40414
2024-06-01 18:32:19.572,380.046802,361.2476
2024-06-01 18:32:20.084,380.705894,381.78006
2024-06-01 18:32:20.596,380.705894,383.52765
2024-06-01 18:32:21.108,380.705894,378.90106
2024-06-01 18:32:21.620,370.208829,379.37665
2024-06-01 18:32:22.132,370.208829,368.66904
2024-06-01 18:32:22.644,370.208829,365.6145
2024-06-01 18:32:23.156,370.208829,369.72903
2024-06-01 18:32:23.668,359.711764,374.05734
2024-06-01 18:32:24.180,359.711764,361.32355
2024-06-01 18:32:24.692,359.711764,356.6428
2024-06-01 18:32:25.204,359.711764,359.93564
2024-06-01 18:32:25.716,380.705894,361.7677
2024-06-01 18:32:26.228,380.705894,382.15543
2024-06-01 18:32:26.740,380.705894,383.45264
2024-06-01 18:32:27.252,380.705894,378.78604
2024-06-01 18:32:27.764,370.208829,377.163
2024-06-01 18:32:28.276,369.56791,368.2407
2024-06-01 18:32:28.788,369.56791,368.24564
2024-06-01 18:32:29.300,369.56791,370.6893
2024-06-01 18:32:29.812,369.56791,371.6398
2024-06-01 18:32:30.324,369.56791,371.0585
2024-06-01 18:32:30.836,369.56791,374.92615
2024-06-01 18:32:31.348,369.56791,371.244
2024-06-01 18:32:31.860,380.046802,365.1857
2024-06-01 18:32:32.372,380.705894,379.0744
2024-06-01 18:32:32.884,380.705894,382.68912
2024-06-01 18:32:33.396,380.705894,380.5396
2024-06-01 18:32:33.908,359.711764,378.90073
2024-06-01 18:32:34.420,359.089018,358.6894
2024-06-01 18:32:34.932,359.089018,357.22278
2024-06-01 18:32:35.444,359.089018,361.0866
2024-06-01 18:32:35.956,380.046802,364.7736
2024-06-01 18:32:36.468,380.046802,383.0294
2024-06-01 18:32:36.980,380.046802,383.36942
2024-06-01 18:32:37.492,380.046802,378.67715
2024-06-01 18:32:38.004,359.089018,379.36288
2024-06-01 18:32:38.516,359.089018,358.18738
2024-06-01 18:32:39.028,359.089018,352.05374
2024-06-01 18:32:39.540,359.089018,359.25558
2024-06-01 18:32:40.052,369.56791,362.9528
2024-06-01 18:32:40.564,370.208829,372.40872
2024-06-01 18:32:41.076,370.208829,372.03238
2024-06-01 18:32:41.588,370.208829,369.52438
2024-06-01 18:32:42.100,370.208829,368.62015
2024-06-01 18:32:42.612,370.208829,369.19254
2024-06-01 18:32:43.124,370.208829,369.58713
2024-06-01 18:32:43.636,370.208829,369.88474
2024-06-01 18:32:44.148,370.208829,370.01334
2024-06-01 18:32:44.660,370.208829,370.13934
2024-06-01 18:32:45.172,370.208829,370.2653
2024-06-01 18:32:45.684,370.208829,370.2653
2024-06-01 18:32:46.196,370.208829,370.2653
2024-06-01 18:32:46.708,369.56791,370.2653
2024-06-01 18:32:47.220,369.56791,370.2653
2024-06-01 18:32:47.732,369.56791,370.2653
2024-06-01 18:32:48.244,359.089018,370.2653
2024-06-01 18:32:48.756,359.089018,359.84802
2024-06-01 18:32:49.268,359.089018,362.80325
2024-06-01 18:32:49.780,359.089018,361.27768
2024-06-01 18:32:50.292,380.046802,356.24222
2024-06-01 18:32:50.804,380.705894,379.85052
2024-06-01 18:32:51.316,380.705894,384.20096
2024-06-01 18:32:51.828,380.705894,379.71622
2024-06-01 18:32:52.340,359.711764,377.19724
2024-06-01 18:32:52.852,359.711764,357.72995
2024-06-01 18:32:53.364,359.711764,356.65845
2024-06-01 18:32:53.876,359.711764,360.72214
2024-06-01 18:32:54.388,349.2147,364.5413
2024-06-01 18:32:54.900,349.2147,351.49454
2024-06-01 18:32:55.412,349.2147,350.65546
2024-06-01 18:32:55.924,349.2147,350.37152
2024-06-01 18:32:56.436,380.705894,346.42886
2024-06-01 18:32:56.948,380.046802,380.16293
2024-06-01 18:32:57.460,380.046802,387.34634
2024-06-01 18:32:57.972,380.046802,378.73953
2024-06-01 18:32:58.484,348.610126,372.4034
2024-06-01 18:32:58.996,349.2147,345.43436
2024-06-01 18:32:59.508,349.2147,345.07446
2024-06-01 18:33:00.020,349.2147,350.7308
2024-06-01 18:33:00.532,370.208829,353.01236
2024-06-01 18:33:01.044,370.208829,372.49106
2024-06-01 18:33:01.556,370.208829,373.7355
2024-06-01 18:33:02.068,370.208829,369.11057
2024-06-01 18:33:02.580,370.208829,369.25922
2024-06-01 18:33:03.092,369.56791,368.6921
2024-06-01 18:33:03.604,369.56791,372.53403
2024-06-01 18:33:04.116,369.56791,369.4559
2024-06-01 18:33:04.628,348.610126,364.18112
2024-06-01 18:33:05.140,348.610126,347.3577
2024-06-01 18:33:05.652,348.610126,349.60617
2024-06-01 18:33:06.164,348.610126,351.3057
2024-06-01 18:33:06.676,380.046802,347.3994
2024-06-01 18:33:07.188,380.046802,380.60666
2024-06-01 18:33:07.700,380.046802,385.42084
2024-06-01 18:33:08.212,380.046802,378.53305
2024-06-01 18:33:08.724,359.089018,377.31342
2024-06-01 18:33:09.236,359.089018,356.89554
2024-06-01 18:33:09.748,359.089018,353.3768
2024-06-01 18:33:10.260,359.089018,359.3782
2024-06-01 18:33:10.772,369.56791,362.51965
2024-06-01 18:33:11.284,370.208829,372.17746
2024-06-01 18:33:11.796,370.208829,372.2253
2024-06-01 18:33:12.308,370.208829,369.76498
2024-06-01 18:33:12.820,370.208829,368.7877
2024-06-01 18:33:13.332,370.208829,369.30603
2024-06-01 18:33:13.844,370.208829,369.64444
2024-06-01 18:33:14.356,370.208829,369.88474
2024-06-01 18:33:14.868,359.711764,370.0134
2024-06-01 18:33:15.380,359.089018,359.72018
2024-06-01 18:33:15.892,359.089018,358.77127
2024-06-01 18:33:16.404,359.089018,360.64407
2024-06-01 18:33:16.916,369.56791,361.3649
2024-06-01 18:33:17.428,370.208829,371.13382
2024-06-01 18:33:17.940,370.208829,371.74872
2024-06-01 18:33:18.452,370.208829,369.50955
2024-06-01 18:33:18.964,359.711764,368.6248
2024-06-01 18:33:19.476,359.089018,358.8681
2024-06-01 18:33:19.988,359.089018,358.18674
2024-06-01 18:33:20.500,359.089018,360.25244
2024-06-01 18:33:21.012,390.525694,361.11002
2024-06-01 18:33:21.524,390.525694,392.464
2024-06-01 18:33:22.036,390.525694,395.4167
2024-06-01 18:33:22.548,390.525694,388.13977
2024-06-01 18:33:23.060,359.089018,385.80115
2024-06-01 18:33:23.572,359.089018,357.1016
2024-06-01 18:33:24.084,359.089018,355.69904
2024-06-01 18:33:24.596,359.089018,361.69727
2024-06-01 18:33:25.108,359.089018,366.137
2024-06-01 18:33:25.620,359.711764,362.63565
2024-06-01 18:33:26.132,359.711764,358.53125
2024-06-01 18:33:26.643,359.711764,359.79672
2024-06-01 18:33:27.155,380.705894,362.66464
2024-06-01 18:33:27.667,380.705894,381.74356
2024-06-01 18:33:28.179,380.705894,380.2283
2024-06-01 18:33:28.691,380.705894,377.50964
2024-06-01 18:33:29.203,359.711764,379.41815
2024-06-01 18:33:29.715,359.711764,358.40665
2024-06-01 18:33:30.227,359.711764,354.19815
2024-06-01 18:33:30.739,359.711764,359.87918
2024-06-01 18:33:31.251,380.705894,362.7544
2024-06-01 18:33:31.763,380.705894,382.8396
2024-06-01 18:33:32.275,380.705894,383.92953
2024-06-01 18:33:32.787,380.705894,379.14456
2024-06-01 18:33:33.299,359.711764,377.42575
2024-06-01 18:33:33.811,359.711764,358.0235
2024-06-01 18:33:34.323,359.711764,356.84543
2024-06-01 18:33:34.835,359.711764,360.97424
2024-06-01 18:33:35.347,359.711764,366.71976
2024-06-01 18:33:35.859,359.711764,362.1022
2024-06-01 18:33:36.371,359.711764,355.53897
2024-06-01 18:33:36.883,359.711764,358.51743
2024-06-01 18:33:37.395,380.705894,360.6472
2024-06-01 18:33:37.907,380.046802,381.6283
2024-06-01 18:33:38.419,380.046802,382.93805
2024-06-01 18:33:38.931,380.046802,378.28818
2024-06-01 18:33:39.443,369.56791,376.78903
2024-06-01 18:33:39.955,369.56791,367.9858
2024-06-01 18:33:40.467,369.56791,368.1848
2024-06-01 18:33:40.979,369.56791,370.6893
2024-06-01 18:33:41.491,390.525694,371.6398
2024-06-01 18:33:42.003,391.202959,392.42502
2024-06-01 18:33:42.515,391.202959,394.2087
2024-06-01 18:33:43.027,391.202959,389.34787
2024-06-01 18:33:43.539,359.711764,387.81033
2024-06-01 18:33:44.051,359.711764,358.20126
2024-06-01 18:33:44.563,359.711764,356.27673
2024-06-01 18:33:45.075,359.711764,362.05093
2024-06-01 18:33:45.587,380.705894,364.29648
2024-06-01 18:33:46.099,380.046802,383.5392
2024-06-01 18:33:46.611,380.046802,384.4123
2024-06-01 18:33:47.123,380.046802,379.60593
2024-06-01 18:33:47.635,390.525694,384.17166
2024-06-01 18:33:48.147,390.525694,390.76953
2024-06-01 18:33:48.659,390.525694,383.2659
2024-06-01 18:33:49.171,390.525694,386.86667
2024-06-01 18:33:49.683,380.046802,394.8605
2024-06-01 18:33:50.195,380.705894,381.47458
2024-06-01 18:33:50.707,380.705894,373.71396
2024-06-01 18:33:51.219,380.705894,379.30185
2024-06-01 18:33:51.731,391.202959,382.85962
2024-06-01 18:33:52.243,391.202959,392.85626
2024-06-01 18:33:52.755,391.202959,392.62527
2024-06-01 18:33:53.267,391.202959,390.16446
2024-06-01 18:33:53.779,370.208829,389.46805
2024-06-01 18:33:54.291,369.56791,369.2331
2024-06-01 18:33:54.803,369.56791,372.01743
2024-06-01 18:33:55.315,369.56791,372.77182
2024-06-01 18:33:55.827,390.525694,374.3763
2024-06-01 18:33:56.339,390.525694,392.37845
2024-06-01 18:33:56.851,390.525694,387.0009
2024-06-01 18:33:57.363,390.525694,387.8786
2024-06-01 18:33:57.875,380.046802,389.37173
2024-06-01 18:33:58.387,380.046802,379.96326
2024-06-01 18:33:58.899,380.046802,378.5256
2024-06-01 18:33:59.411,380.046802,380.66583
2024-06-01 18:33:59.923,369.56791,381.74323
2024-06-01 18:34:00.435,370.208829,370.65695
2024-06-01 18:34:00.947,370.208829,369.5326
2024-06-01 18:34:01.459,370.208829,371.67776
2024-06-01 18:34:01.971,401.700023,372.30978
2024-06-01 18:34:02.483,401.700023,403.66937
2024-06-01 18:34:02.995,401.700023,406.0762
2024-06-01 18:34:03.507,401.700023,398.4747
2024-06-01 18:34:04.019,370.208829,396.29398
2024-06-01 18:34:04.531,369.56791,367.51453
2024-06-01 18:34:05.043,369.56791,366.2646
2024-06-01 18:34:05.555,369.56791,372.61688
2024-06-01 18:34:06.067,380.046802,374.88797
2024-06-01 18:34:06.579,380.046802,383.34207
2024-06-01 18:34:07.091,380.046802,383.09225
2024-06-01 18:34:07.603,380.046802,382.71048
2024-06-01 18:34:08.115,390.525694,382.57706
2024-06-01 18:34:08.627,390.525694,391.66757
2024-06-01 18:34:09.139,390.525694,389.92712
2024-06-01 18:34:09.651,390.525694,389.80347
2024-06-01 18:34:10.163,390.525694,390.41022
2024-06-01 18:34:10.675,390.525694,391.2549
2024-06-01 18:34:11.187,390.525694,404.2777
2024-06-01 18:34:11.699,390.525694,392.70264
2024-06-01 18:34:12.211,390.525694,407.95792
2024-06-01 18:34:12.723,389.848429,389.89194
2024-06-01 18:34:13.235,389.848429,383.15402
2024-06-01 18:34:13.747,389.848429,383.1608
2024-06-01 18:34:14.259,348.005553,398.5937
2024-06-01 18:34:14.771,347.40098,350.76193
2024-06-01 18:34:15.283,347.40098,347.80783
2024-06-01 18:34:15.795,347.40098,347.02502
2024-06-01 18:34:16.307,336.958434,351.42816
2024-06-01 18:34:16.819,336.958434,338.4227
2024-06-01 18:34:17.331,336.958434,341.5143
2024-06-01 18:34:17.843,336.958434,337.6398
2024-06-01 18:34:18.355,336.958434,333.242
2024-06-01 18:34:18.867,336.958434,331.92343
2024-06-01 18:34:19.379,336.958434,330.9775
2024-06-01 18:34:19.891,336.958434,330.56754
2024-06-01 18:34:20.403,357.843526,335.85886
2024-06-01 18:34:20.915,357.843526,349.99774
2024-06-01 18:34:21.427,357.843526,348.94412
2024-06-01 18:34:21.939,357.843526,348.74976
2024-06-01 18:34:22.451,357.843526,352.19193
2024-06-01 18:34:22.963,357.22078,350.79672
2024-06-01 18:34:23.475,357.22078,348.5823
2024-06-01 18:34:23.987,357.22078,345.2255
2024-06-01 18:34:24.499,325.94766,349.34335
2024-06-01 18:34:25.011,325.94766,324.44098
2024-06-01 18:34:25.523,325.94766,324.1284
2024-06-01 18:34:26.035,325.94766,323.99014
2024-06-01 18:34:26.547,346.796407,324.25244
2024-06-01 18:34:27.059,346.796407,340.44638
2024-06-01 18:34:27.571,346.796407,342.17264
2024-06-01 18:34:28.083,346.796407,341.89963
2024-06-01 18:34:28.595,336.372034,339.52094
2024-06-01 18:34:29.107,336.372034,331.34167
2024-06-01 18:34:29.619,336.372034,328.6713
2024-06-01 18:34:30.131,336.372034,329.95145
2024-06-01 18:34:30.643,357.22078,334.43616
2024-06-01 18:34:31.155,357.22078,350.36264
2024-06-01 18:34:31.667,357.22078,350.0192
2024-06-01 18:34:32.179,357.22078,349.8577
2024-06-01 18:34:32.691,346.796407,351.20407
2024-06-01 18:34:33.203,346.796407,341.9393
2024-06-01 18:34:33.715,346.796407,340.94818
2024-06-01 18:34:34.227,346.796407,341.53653
2024-06-01 18:34:34.739,336.372034,340.25424
2024-06-01 18:34:35.251,336.372034,332.92767
2024-06-01 18:34:35.763,336.372034,336.24033
2024-06-01 18:34:36.275,336.372034,335.04175
2024-06-01 18:34:36.787,305.098914,325.80118
2024-06-01 18:34:37.299,305.098914,304.91214
2024-06-01 18:34:37.811,305.098914,303.14957
2024-06-01 18:34:38.323,305.098914,303.45016
2024-06-01 18:34:38.835,305.098914,301.95816
2024-06-01 18:34:39.347,305.098914,302.38098
2024-06-01 18:34:39.859,305.098914,305.54727
2024-06-01 18:34:40.371,305.098914,304.13522
2024-06-01 18:34:40.883,315.523287,303.53787
2024-06-01 18:34:41.395,315.523287,310.909
2024-06-01 18:34:41.907,315.523287,311.3215
2024-06-01 18:34:42.419,315.523287,311.24158
2024-06-01 18:34:42.931,305.098914,312.82986
2024-06-01 18:34:43.443,305.098914,304.40564
2024-06-01 18:34:43.955,305.098914,300.09366
2024-06-01 18:34:44.467,305.098914,301.18454
2024-06-01 18:34:44.979,305.098914,301.7054
2024-06-01 18:34:45.491,305.098914,301.98642
2024-06-01 18:34:46.003,305.098914,300.44113
2024-06-01 18:34:46.515,305.098914,300.92722
2024-06-01 18:34:47.027,305.098914,301.01303
2024-06-01 18:34:47.539,305.098914,301.01364
2024-06-01 18:34:48.051,305.098914,306.1365
2024-06-01 18:34:48.563,305.098914,304.47333
2024-06-01 18:34:49.075,294.674541,300.54227
2024-06-01 18:34:49.587,294.674541,293.70532
2024-06-01 18:34:50.099,294.674541,294.76437
2024-06-01 18:34:50.611,294.674541,294.33115
2024-06-01 18:34:51.123,305.098914,294.20468
2024-06-01 18:34:51.635,305.098914,301.64914
2024-06-01 18:34:52.147,305.098914,300.6779
2024-06-01 18:34:52.659,305.098914,301.09616
2024-06-01 18:34:53.171,315.523287,302.79297
2024-06-01 18:34:53.683,315.523287,310.10226
2024-06-01 18:34:54.195,315.523287,309.09903
2024-06-01 18:34:54.707,315.523287,309.66367
2024-06-01 18:34:55.219,305.098914,308.16455
2024-06-01 18:34:55.731,305.098914,301.19962
2024-06-01 18:34:56.243,305.098914,302.5009
2024-06-01 18:34:56.755,305.098914,298.42712
2024-06-01 18:34:57.267,305.098914,303.29907
2024-06-01 18:34:57.779,305.098914,302.34952
2024-06-01 18:34:58.291,305.098914,302.1773
2024-06-01 18:34:58.802,305.098914,302.0007
2024-06-01 18:34:59.314,305.098914,300.23813
2024-06-01 18:34:59.826,305.098914,300.8071
2024-06-01 18:35:00.338,305.098914,297.72
2024-06-01 18:35:00.850,305.098914,299.25613
2024-06-01 18:35:01.362,305.098914,301.80075
2024-06-01 18:35:01.874,305.098914,301.369
2024-06-01 18:35:02.386,305.098914,296.31265
2024-06-01 18:35:02.898,305.098914,298.08344
2024-06-01 18:35:03.410,315.523287,303.996
2024-06-01 18:35:03.922,315.523287,310.64407
2024-06-01 18:35:04.434,315.523287,310.95255
2024-06-01 18:35:04.946,315.523287,310.47964
2024-06-01 18:35:05.458,294.674541,306.6894
2024-06-01 18:35:05.970,294.674541,292.01126
2024-06-01 18:35:06.482,294.674541,296.20316
2024-06-01 18:35:06.994,294.674541,295.0955
2024-06-01 18:35:07.506,315.523287,296.4884
2024-06-01 18:35:08.018,315.523287,311.37766
2024-06-01 18:35:08.530,315.523287,310.95895
2024-06-01 18:35:09.042,315.523287,310.86844
2024-06-01 18:35:09.554,294.674541,308.62735
2024-06-01 18:35:10.066,294.674541,293.19345
2024-06-01 18:35:10.578,294.674541,290.08365
2024-06-01 18:35:11.090,294.674541,291.15057
2024-06-01 18:35:11.602,305.098914,293.53787
2024-06-01 18:35:12.114,305.098914,301.14413
2024-06-01 18:35:12.626,305.098914,301.99326
2024-06-01 18:35:13.138,305.098914,301.60858
2024-06-01 18:35:13.650,325.94766,302.89743
2024-06-01 18:35:14.162,325.94766,318.4102
2024-06-01 18:35:14.674,325.94766,319.89816
2024-06-01 18:35:15.186,325.94766,319.46103
2024-06-01 18:35:15.698,273.825795,315.4504
2024-06-01 18:35:16.210,273.825795,277.64737
2024-06-01 18:35:16.722,273.825795,271.9229
2024-06-01 18:35:17.234,273.825795,273.53854
2024-06-01 18:35:17.746,273.825795,277.49136
2024-06-01 18:35:18.258,273.825795,276.5511
2024-06-01 18:35:18.770,273.825795,277.67282
2024-06-01 18:35:19.282,273.825795,276.34097
2024-06-01 18:35:19.794,284.250168,267.9439
2024-06-01 18:35:20.306,284.250168,277.01968
2024-06-01 18:35:20.818,284.250168,282.858
2024-06-01 18:35:21.330,284.250168,281.71933
2024-06-01 18:35:21.842,273.825795,281.2488
2024-06-01 18:35:22.354,273.825795,273.49963
2024-06-01 18:35:22.866,273.825795,271.22943
2024-06-01 18:35:23.378,273.825795,271.8223
2024-06-01 18:35:23.890,294.674541,277.03616
2024-06-01 18:35:24.402,294.674541,291.07108
2024-06-01 18:35:24.914,294.674541,288.8832
2024-06-01 18:35:25.426,294.674541,289.46512
2024-06-01 18:35:25.938,273.825795,287.85052
2024-06-01 18:35:26.450,273.825795,273.23706
2024-06-01 18:35:26.962,273.825795,271.9244
2024-06-01 18:35:27.474,273.825795,272.24097
2024-06-01 18:35:27.986,294.674541,272.57343
2024-06-01 18:35:28.498,294.674541,287.97128
2024-06-01 18:35:29.010,294.674541,293.3699
2024-06-01 18:35:29.522,294.674541,289.4103
2024-06-01 18:35:30.034,284.250168,287.92154
2024-06-01 18:35:30.546,284.250168,280.38617
2024-06-01 18:35:31.058,284.250168,281.4711
2024-06-01 18:35:31.570,284.250168,281.42343
2024-06-01 18:35:32.082,273.825795,280.0471
2024-06-01 18:35:32.594,273.825795,273.11203
2024-06-01 18:35:33.106,273.825795,272.7463
2024-06-01 18:35:33.618,273.825795,272.8168
2024-06-01 18:35:34.130,294.674541,273.05646
2024-06-01 18:35:34.642,294.674541,288.47397
2024-06-01 18:35:35.154,294.674541,288.3894
2024-06-01 18:35:35.666,294.674541,288.7723
2024-06-01 18:35:36.178,273.825795,288.66406
2024-06-01 18:35:36.690,273.825795,273.00925
2024-06-01 18:35:37.202,273.825795,269.98068
2024-06-01 18:35:37.714,273.825795,270.9506
2024-06-01 18:35:38.226,273.825795,276.63373
2024-06-01 18:35:38.738,273.825795,275.22452
2024-06-01 18:35:39.250,273.825795,273.03757
2024-06-01 18:35:39.762,273.825795,272.96793
2024-06-01 18:35:40.274,284.250168,272.7462
2024-06-01 18:35:40.786,284.250168,280.21677
2024-06-01 18:35:41.298,284.250168,282.44952
2024-06-01 18:35:41.810,284.250168,281.81894
2024-06-01 18:35:42.322,273.825795,278.2003
2024-06-01 18:35:42.834,273.825795,271.50235
2024-06-01 18:35:43.346,273.825795,271.2087
2024-06-01 18:35:43.858,273.825795,271.5552
2024-06-01 18:35:44.370,294.674541,273.41312
2024-06-01 18:35:44.882,294.674541,288.6542
2024-06-01 18:35:45.394,294.674541,287.00565
2024-06-01 18:35:45.906,294.674541,287.87845
2024-06-01 18:35:46.418,263.401422,291.46597
2024-06-01 18:35:46.930,263.401422,266.91788
2024-06-01 18:35:47.442,263.401422,264.37823
2024-06-01 18:35:47.954,263.401422,264.57852
2024-06-01 18:35:48.466,294.674541,268.16855
2024-06-01 18:35:48.978,294.674541,290.2689
2024-06-01 18:35:49.490,294.674541,289.10977
2024-06-01 18:35:50.002,294.674541,289.5205
2024-06-01 18:35:50.514,263.401422,289.0549
2024-06-01 18:35:51.026,263.401422,265.68552
2024-06-01 18:35:51.538,263.401422,264.98203
2024-06-01 18:35:52.050,263.401422,264.87173
2024-06-01 18:35:52.562,273.825795,262.11435
2024-06-01 18:35:53.074,273.825795,270.60117
2024-06-01 18:35:53.586,273.825795,271.8427
2024-06-01 18:35:54.098,273.825795,271.74277
2024-06-01 18:35:54.610,284.250168,272.9608
2024-06-01 18:35:55.122,284.250168,279.85284
2024-06-01 18:35:55.634,284.250168,288.90643
2024-06-01 18:35:56.146,284.250168,285.96408
2024-06-01 18:35:56.658,273.825795,276.78397
2024-06-01 18:35:57.170,273.825795,271.39417
2024-06-01 18:35:57.682,273.825795,273.19476
2024-06-01 18:35:58.194,273.825795,273.11618
2024-06-01 18:35:58.706,305.098914,271.57123
2024-06-01 18:35:59.218,305.098914,295.58374
2024-06-01 18:35:59.730,305.098914,297.0395
2024-06-01 18:36:00.242,305.098914,297.4616
2024-06-01 18:36:00.754,273.825795,297.2299
2024-06-01 18:36:01.266,273.825795,273.47684
2024-06-01 18:36:01.778,273.825795,271.5113
2024-06-01 18:36:02.290,273.825795,272.27258
2024-06-01 18:36:02.802,273.825795,273.01917
2024-06-01 18:36:03.314,273.825795,273.31064
2024-06-01 18:36:03.826,273.825795,273.36008
2024-06-01 18:36:04.338,273.825795,272.89703
2024-06-01 18:36:04.850,294.674541,275.73715
2024-06-01 18:36:05.362,294.674541,289.89023
2024-06-01 18:36:05.874,294.674541,290.83856
2024-06-01 18:36:06.386,294.674541,290.4047
2024-06-01 18:36:06.898,284.250168,286.65268
2024-06-01 18:36:07.410,284.250168,279.98676
2024-06-01 18:36:07.922,284.250168,279.8865
2024-06-01 18:36:08.434,284.250168,280.4609
2024-06-01 18:36:08.946,284.250168,282.5543
