timestamp,Actual,Predicted
2024-06-01 00:04:49.817,556.251901,544.32623
2024-06-01 00:04:50.841,545.809355,512.23267
2024-06-01 00:04:51.353,545.809355,429.1067
2024-06-01 00:04:52.889,545.809355,379.25665
2024-06-01 00:04:53.401,545.809355,372.8554
2024-06-01 00:04:54.425,545.809355,384.13184
2024-06-01 00:04:54.937,556.251901,392.93634
2024-06-01 00:04:55.449,556.251901,400.02036
2024-06-01 00:04:56.473,556.251901,393.63492
2024-06-01 00:04:57.497,556.251901,387.26993
2024-06-01 00:04:58.009,556.251901,382.64825
2024-06-01 00:04:59.033,535.366809,380.9566
2024-06-01 00:04:59.545,535.366809,380.06128
2024-06-01 00:05:00.569,535.366809,386.37427
2024-06-01 00:05:01.081,545.809355,392.07288
2024-06-01 00:05:01.593,545.809355,398.20557
2024-06-01 00:05:02.105,545.809355,397.66644
2024-06-01 00:05:02.617,545.809355,389.4854
2024-06-01 00:05:35.897,577.136993,378.5531
2024-06-01 00:05:37.433,577.136993,375.80084
2024-06-01 00:05:37.945,577.136993,368.05914
2024-06-01 00:05:38.457,576.132616,367.28427
2024-06-01 00:05:38.969,576.132616,377.04248
2024-06-01 00:05:39.481,576.132616,389.68463
2024-06-01 00:05:39.993,576.132616,406.24918
2024-06-01 00:05:40.505,576.132616,423.9254
2024-06-01 00:05:41.017,576.132616,443.28168
2024-06-01 00:05:41.529,576.132616,460.07953
2024-06-01 00:05:42.041,586.556989,472.32065
2024-06-01 00:05:42.553,586.556989,475.57947
2024-06-01 00:05:43.065,586.556989,475.0781
2024-06-01 00:05:43.577,586.556989,475.1833
2024-06-01 00:05:44.089,586.556989,475.82758
2024-06-01 00:05:44.601,586.556989,477.43863
2024-06-01 00:05:45.625,586.556989,480.81302
2024-06-01 00:05:46.137,576.132616,485.8335
2024-06-01 00:05:46.649,576.132616,488.11557
2024-06-01 00:05:47.161,576.132616,493.4547
2024-06-01 00:05:47.673,576.132616,496.93054
2024-06-01 00:05:48.697,576.132616,496.42194
2024-06-01 00:05:49.209,576.132616,495.1748
2024-06-01 00:05:52.793,576.132616,492.33273
2024-06-01 00:05:55.353,576.132616,487.68695
2024-06-01 00:05:55.865,576.132616,481.9463
2024-06-01 00:05:56.377,607.405735,476.48407
2024-06-01 00:05:56.889,607.405735,482.34424
2024-06-01 00:05:57.913,607.405735,480.55292
2024-06-01 00:05:58.425,607.405735,480.72595
2024-06-01 00:05:59.449,607.405735,482.50964
2024-06-01 00:05:59.961,607.405735,487.21326
2024-06-01 00:06:00.985,607.405735,496.945
2024-06-01 00:06:01.497,607.405735,510.5219
2024-06-01 00:06:02.009,607.405735,522.0742
2024-06-01 00:06:03.033,607.405735,532.2181
2024-06-01 00:06:03.545,607.405735,538.57794
2024-06-01 00:06:04.057,607.405735,536.30853
2024-06-01 00:06:04.569,617.830108,532.9029
2024-06-01 00:06:05.593,617.830108,532.1776
2024-06-01 00:06:06.617,596.981362,526.76135
2024-06-01 00:06:07.641,596.981362,515.3809
2024-06-01 00:06:08.153,596.981362,513.95557
2024-06-01 00:06:08.665,596.981362,514.30194
2024-06-01 00:06:09.177,596.981362,516.0871
2024-06-01 00:06:09.689,596.981362,518.0047
2024-06-01 00:06:10.201,596.981362,517.9027
2024-06-01 00:06:10.713,607.405735,514.6098
2024-06-01 00:06:11.225,607.405735,511.82587
2024-06-01 00:06:11.737,607.405735,500.7386
2024-06-01 00:06:12.249,607.405735,492.2023
2024-06-01 00:06:12.761,628.254481,492.63474
2024-06-01 00:06:13.273,628.254481,500.99292
2024-06-01 00:06:13.785,628.254481,502.74908
2024-06-01 00:06:14.297,628.254481,507.52274
2024-06-01 00:06:14.809,596.981362,513.838
2024-06-01 00:06:15.321,596.981362,510.30664
2024-06-01 00:06:15.833,596.981362,520.0537
2024-06-01 00:06:16.345,596.981362,527.08777
2024-06-01 00:06:16.857,596.981362,533.5531
2024-06-01 00:06:17.881,596.981362,537.81104
2024-06-01 00:06:18.393,596.981362,531.7163
2024-06-01 00:06:18.905,596.981362,514.01843
2024-06-01 00:06:19.417,596.981362,483.29626
2024-06-01 00:06:19.929,596.981362,432.21002
2024-06-01 00:06:20.441,596.981362,365.50824
2024-06-01 00:06:20.953,607.405735,312.3805
2024-06-01 00:06:21.465,607.405735,273.33215
2024-06-01 00:06:21.977,607.405735,249.64673
2024-06-01 00:06:22.489,607.405735,238.00201
2024-06-01 00:06:23.001,607.405735,237.05757
2024-06-01 00:06:23.513,607.405735,238.54631
2024-06-01 00:06:24.025,607.405735,241.29362
2024-06-01 00:06:24.537,607.405735,245.15497
2024-06-01 00:06:25.049,596.981362,249.5412
2024-06-01 00:06:25.561,596.981362,251.61372
2024-06-01 00:06:26.073,596.981362,255.0063
2024-06-01 00:06:26.585,596.981362,255.10373
2024-06-01 00:06:27.097,596.981362,254.4845
2024-06-01 00:06:27.609,596.981362,252.7899
2024-06-01 00:06:28.121,596.981362,249.67429
2024-06-01 00:06:28.633,596.981362,245.50446
2024-06-01 00:06:29.145,607.405735,241.14482
2024-06-01 00:06:29.657,607.405735,239.4079
2024-06-01 00:06:30.169,607.405735,236.56848
2024-06-01 00:06:31.193,607.405735,236.48972
2024-06-01 00:06:31.705,607.405735,237.05757
2024-06-01 00:06:32.217,607.405735,238.54631
2024-06-01 00:06:33.241,607.405735,241.29362
2024-06-01 00:06:33.753,607.405735,245.15497
2024-06-01 00:06:34.265,607.405735,249.5412
2024-06-01 00:06:34.826,607.405735,253.56801
2024-06-01 00:06:35.338,607.405735,256.45142
2024-06-01 00:06:35.850,607.405735,256.45142
2024-06-01 00:06:36.362,607.405735,256.45142
2024-06-01 00:06:36.874,607.405735,256.45142
2024-06-01 00:06:37.386,617.830108,256.45142
2024-06-01 00:06:37.898,617.830108,258.4808
2024-06-01 00:06:38.410,617.830108,257.9217
2024-06-01 00:06:38.922,617.830108,257.79465
2024-06-01 00:06:39.434,607.405735,258.40372
2024-06-01 00:06:39.946,607.405735,258.11755
2024-06-01 00:06:40.458,607.405735,262.02512
2024-06-01 00:06:40.970,607.405735,266.9414
2024-06-01 00:06:41.482,607.405735,271.8011
2024-06-01 00:06:41.994,607.405735,274.9942
2024-06-01 00:06:42.506,607.405735,274.93164
2024-06-01 00:06:43.018,607.405735,269.73297
2024-06-01 00:06:43.530,607.405735,264.20813
2024-06-01 00:06:44.042,607.405735,259.53278
2024-06-01 00:06:44.554,607.405735,256.45142
2024-06-01 00:06:45.066,607.405735,256.45142
2024-06-01 00:06:45.578,617.830108,256.45142
2024-06-01 00:06:46.090,617.830108,258.4808
2024-06-01 00:06:46.602,617.830108,257.9217
2024-06-01 00:06:47.114,617.830108,257.79465
2024-06-01 00:06:47.626,607.405735,258.40372
2024-06-01 00:06:48.138,607.405735,258.11755
2024-06-01 00:06:48.650,607.405735,262.02512
2024-06-01 00:06:49.162,607.405735,266.9414
2024-06-01 00:06:49.674,596.981362,271.8011
2024-06-01 00:06:50.186,596.981362,272.94424
2024-06-01 00:06:50.698,596.981362,273.44864
2024-06-01 00:07:56.745,596.981362,268.38498
2024-06-01 00:07:57.257,628.254481,262.25076
2024-06-01 00:07:57.769,628.254481,261.9928
2024-06-01 00:07:58.281,628.254481,254.0741
2024-06-01 00:07:58.793,628.254481,249.50565
2024-06-01 00:07:59.305,617.830108,246.83961
2024-06-01 00:07:59.817,617.830108,245.87335
2024-06-01 00:08:00.329,617.830108,252.9617
2024-06-01 00:08:00.841,617.830108,266.41998
2024-06-01 00:08:01.353,607.405735,282.2956
2024-06-01 00:08:01.865,607.405735,294.7507
2024-06-01 00:08:02.377,607.405735,304.18213
2024-06-01 00:08:02.889,607.405735,298.0802
2024-06-01 00:08:03.401,607.405735,290.6045
2024-06-01 00:08:03.913,606.346839,282.69598
2024-06-01 00:08:04.425,606.346839,274.93164
2024-06-01 00:08:04.937,606.346839,269.73297
2024-06-01 00:08:05.449,616.753039,264.20813
2024-06-01 00:08:05.961,616.753039,261.57516
2024-06-01 00:08:06.473,616.753039,257.9217
2024-06-01 00:08:06.985,616.753039,257.79465
2024-06-01 00:08:07.497,616.753039,258.40372
2024-06-01 00:08:08.009,616.753039,260.1491
2024-06-01 00:08:08.521,616.753039,263.50034
2024-06-01 00:08:09.033,616.753039,268.2978
2024-06-01 00:08:09.545,637.56544,273.81714
2024-06-01 00:08:10.057,638.678854,283.38626
2024-06-01 00:08:10.569,638.678854,285.74368
2024-06-01 00:08:11.081,638.678854,285.32904
2024-06-01 00:08:11.593,607.405735,286.58194
2024-06-01 00:08:12.105,607.405735,284.05246
2024-06-01 00:08:12.617,607.405735,294.312
2024-06-01 00:08:15.129,607.405735,307.16245
2024-06-01 00:08:18.712,607.405735,319.80167
2024-06-01 00:08:19.736,617.830108,327.20175
2024-06-01 00:08:20.760,617.830108,326.03613
2024-06-01 00:08:24.856,617.830108,304.934
2024-06-01 00:08:25.368,617.830108,283.93756
2024-06-01 00:08:25.880,617.830108,268.21646
2024-06-01 00:09:18.664,617.830108,260.1491
2024-06-01 00:09:19.176,607.405735,263.50034
2024-06-01 00:09:19.688,606.346839,266.22806
2024-06-01 00:09:20.200,606.346839,272.32587
2024-06-01 00:09:20.712,606.346839,277.60797
2024-06-01 00:09:21.224,616.753039,280.69098
2024-06-01 00:09:21.736,616.753039,280.85712
2024-06-01 00:09:22.248,616.753039,276.4303
2024-06-01 00:09:22.760,616.753039,271.06464
2024-06-01 00:09:23.272,606.346839,266.13635
2024-06-01 00:09:23.784,606.346839,261.18097
2024-06-01 00:09:24.296,606.346839,262.02512
2024-06-01 00:09:24.808,606.346839,266.9414
2024-06-01 00:09:25.320,616.753039,271.8011
2024-06-01 00:09:25.832,616.753039,277.11053
2024-06-01 00:09:26.344,616.753039,276.4303
2024-06-01 00:09:26.856,616.753039,271.06464
2024-06-01 00:09:27.368,606.346839,266.13635
2024-06-01 00:09:27.880,606.346839,261.18103
2024-06-01 00:09:28.392,606.346839,262.02512
2024-06-01 00:09:28.904,606.346839,266.9414
2024-06-01 00:09:29.416,616.753039,271.8011
2024-06-01 00:09:29.928,616.753039,277.11053
2024-06-01 00:09:30.440,616.753039,276.4303
2024-06-01 00:09:30.952,616.753039,271.06464
2024-06-01 00:09:31.464,616.753039,266.13635
2024-06-01 00:09:31.976,616.753039,263.2245
2024-06-01 00:09:32.488,616.753039,263.50034
2024-06-01 00:09:33.000,616.753039,268.2978
2024-06-01 00:09:33.512,616.753039,273.81714
2024-06-01 00:09:34.024,616.753039,278.9583
2024-06-01 00:09:34.536,616.753039,282.68237
2024-06-01 00:10:40.583,616.753039,279.21362
2024-06-01 00:10:41.095,710.408841,269.64435
2024-06-01 00:10:41.607,709.168217,280.33588
2024-06-01 00:10:42.119,709.168217,268.93503
2024-06-01 00:10:42.631,709.168217,271.06433
2024-06-01 00:10:43.143,615.675971,299.32312
2024-06-01 00:10:43.655,616.753039,340.04114
2024-06-01 00:10:44.167,616.753039,436.4919
2024-06-01 00:10:44.679,616.753039,516.1577
2024-06-01 00:10:45.191,627.15924,556.6343
2024-06-01 00:10:45.703,627.15924,572.05585
2024-06-01 00:10:46.215,627.15924,569.5908
2024-06-01 00:10:46.727,627.15924,517.14246
2024-06-01 00:10:47.239,606.346839,387.78693
2024-06-01 00:10:47.751,606.346839,282.88403
2024-06-01 00:10:48.263,606.346839,251.62248
2024-06-01 00:10:48.775,606.346839,256.70273
2024-06-01 00:10:49.287,627.15924,260.979
2024-06-01 00:10:49.799,627.15924,266.51437
2024-06-01 00:10:50.311,627.15924,261.65894
2024-06-01 00:10:50.823,627.15924,251.56317
2024-06-01 00:10:51.335,627.15924,242.83553
2024-06-01 00:10:51.847,627.15924,238.06403
2024-06-01 00:10:52.359,627.15924,238.85687
2024-06-01 00:10:52.871,627.15924,247.01147
2024-06-01 00:10:53.383,616.753039,256.80408
2024-06-01 00:10:53.895,616.753039,264.31778
2024-06-01 00:10:54.407,616.753039,272.21738
2024-06-01 00:10:54.919,616.753039,272.43378
2024-06-01 00:10:55.431,616.753039,271.82986
2024-06-01 00:10:55.943,616.753039,269.88074
2024-06-01 00:10:56.455,616.753039,266.09555
2024-06-01 00:12:02.503,616.753039,260.91306
2024-06-01 00:12:03.015,595.940639,255.39677
2024-06-01 00:12:03.527,595.940639,246.82921
2024-06-01 00:12:04.039,595.940639,244.8713
2024-06-01 00:12:04.551,595.940639,245.15915
2024-06-01 00:12:05.063,595.940639,244.02184
2024-06-01 00:12:05.575,595.940639,240.77403
2024-06-01 00:12:06.087,595.940639,234.87132
2024-06-01 00:12:06.599,595.940639,227.25288
2024-06-01 00:12:07.111,585.534439,219.67851
2024-06-01 00:12:07.623,585.534439,211.98961
2024-06-01 00:12:08.134,585.534439,208.7165
2024-06-01 00:12:08.646,585.534439,208.79858
2024-06-01 00:12:09.158,606.346839,206.94492
2024-06-01 00:12:09.670,606.346839,208.0318
2024-06-01 00:12:10.182,606.346839,203.73257
2024-06-01 00:12:10.694,606.346839,200.25223
2024-06-01 00:12:11.206,585.534439,202.16205
2024-06-01 00:12:11.718,585.534439,204.17792
2024-06-01 00:12:12.230,585.534439,213.18857
2024-06-01 00:12:12.742,585.534439,225.14734
2024-06-01 00:12:13.254,606.346839,230.37648
2024-06-01 00:12:13.766,606.346839,232.03888
2024-06-01 00:12:14.278,606.346839,222.75455
2024-06-01 00:12:14.790,606.346839,210.67728
2024-06-01 00:12:15.302,575.128238,205.90775
2024-06-01 00:12:15.814,574.123861,205.07564
2024-06-01 00:12:16.326,574.123861,218.45192
2024-06-01 00:12:16.838,574.123861,237.24599
2024-06-01 00:12:17.350,584.511889,255.80699
2024-06-01 00:12:17.862,584.511889,270.46213
2024-06-01 00:12:18.374,584.511889,272.55933
2024-06-01 00:13:24.422,584.511889,273.6662
2024-06-01 00:13:24.934,532.571752,272.6835
2024-06-01 00:13:25.446,529.776696,328.59705
2024-06-01 00:13:25.958,529.776696,563.8484
2024-06-01 00:13:26.470,529.776696,852.525
2024-06-01 00:13:26.982,550.443713,787.0128
2024-06-01 00:13:27.494,550.443713,571.0563
2024-06-01 00:13:28.006,550.443713,523.4315
2024-06-01 00:13:28.518,550.443713,537.4468
2024-06-01 00:13:29.030,550.443713,544.8376
2024-06-01 00:13:29.542,550.443713,546.5922
2024-06-01 00:13:30.054,550.443713,546.84705
2024-06-01 00:13:30.566,550.443713,546.9523
2024-06-01 00:13:31.078,550.443713,547.01404
2024-06-01 00:13:31.590,550.443713,547.0238
2024-06-01 00:13:32.102,550.443713,547.01025
2024-06-01 00:13:32.614,550.443713,547.01013
2024-06-01 00:13:33.126,540.110204,547.02234
2024-06-01 00:13:33.638,540.110204,540.57465
2024-06-01 00:13:34.150,540.110204,539.9786
2024-06-01 00:13:34.662,540.110204,539.79443
2024-06-01 00:13:35.174,550.443713,539.7712
2024-06-01 00:13:35.686,550.443713,546.1533
2024-06-01 00:13:36.198,550.443713,546.60626
2024-06-01 00:13:36.710,550.443713,546.6825
2024-06-01 00:13:37.222,540.110204,546.70795
2024-06-01 00:13:37.734,540.110204,540.87946
2024-06-01 00:13:38.246,540.110204,540.277
2024-06-01 00:13:38.758,540.110204,540.12384
2024-06-01 00:13:39.270,540.110204,539.94086
2024-06-01 00:13:39.782,540.110204,539.75793
2024-06-01 00:13:40.294,540.110204,539.5112
2024-06-01 00:14:46.341,540.110204,537.14954
2024-06-01 00:14:46.853,519.443187,537.7851
2024-06-01 00:14:47.365,519.443187,530.2441
2024-06-01 00:14:47.877,519.443187,529.17346
2024-06-01 00:14:48.389,519.443187,529.1383
2024-06-01 00:14:48.901,509.109678,527.4937
2024-06-01 00:14:49.413,508.214339,520.371
2024-06-01 00:14:49.925,508.214339,518.76154
2024-06-01 00:14:50.437,508.214339,517.02496
2024-06-01 00:14:50.949,539.160346,512.4692
2024-06-01 00:14:51.461,539.160346,525.20685
2024-06-01 00:14:51.973,539.160346,525.8973
2024-06-01 00:14:52.485,539.160346,526.61
2024-06-01 00:14:52.997,508.214339,527.36475
2024-06-01 00:14:53.509,508.214339,512.1401
2024-06-01 00:14:54.021,508.214339,511.87488
2024-06-01 00:14:54.533,508.214339,511.8051
2024-06-01 00:14:55.045,539.160346,511.82913
2024-06-01 00:14:55.557,539.160346,528.63385
2024-06-01 00:14:56.069,539.160346,529.863
2024-06-01 00:14:56.581,539.160346,530.20123
2024-06-01 00:14:57.093,508.214339,530.46704
2024-06-01 00:14:57.605,508.214339,514.90173
2024-06-01 00:14:58.117,508.214339,514.7088
2024-06-01 00:14:58.629,508.214339,515.5681
2024-06-01 00:14:59.141,528.84501,514.11426
2024-06-01 00:14:59.653,528.84501,523.1474
2024-06-01 00:15:00.165,528.84501,523.2346
2024-06-01 00:15:00.677,528.84501,521.90393
2024-06-01 00:15:01.189,528.84501,520.8237
2024-06-01 00:15:01.701,525.118268,519.7036
2024-06-01 00:15:02.213,525.118268,628.42456
2024-06-01 00:16:08.260,525.118268,784.96124
2024-06-01 00:16:08.772,412.449183,658.4791
2024-06-01 00:16:09.284,418.303451,528.6951
2024-06-01 00:16:09.796,418.303451,515.0938
2024-06-01 00:16:10.308,418.303451,502.84036
2024-06-01 00:16:10.820,407.915424,478.322
2024-06-01 00:16:11.332,407.915424,467.12863
2024-06-01 00:16:11.844,407.915424,449.45264
2024-06-01 00:16:12.356,407.915424,435.74207
2024-06-01 00:16:12.868,459.855561,466.55865
2024-06-01 00:16:13.380,460.660036,147.83914
2024-06-01 00:16:13.892,460.660036,143.43573
2024-06-01 00:16:14.404,460.660036,147.74248
2024-06-01 00:16:14.916,419.035235,152.5834
2024-06-01 00:16:15.428,419.035235,149.87474
2024-06-01 00:16:15.940,419.035235,151.39107
2024-06-01 00:16:16.452,419.035235,153.08725
2024-06-01 00:16:16.964,450.253836,153.82785
2024-06-01 00:16:17.476,450.253836,159.8234
2024-06-01 00:16:17.988,450.253836,161.69125
2024-06-01 00:16:18.500,450.253836,159.41585
2024-06-01 00:16:19.012,419.035235,158.32123
2024-06-01 00:16:19.524,419.035235,152.42711
2024-06-01 00:16:20.036,419.035235,150.23976
2024-06-01 00:16:20.548,419.035235,150.60092
2024-06-01 00:16:21.060,408.629035,150.25577
2024-06-01 00:16:21.572,408.629035,176.21942
2024-06-01 00:16:22.084,408.629035,222.89435
2024-06-01 00:16:22.596,408.629035,273.12744
2024-06-01 00:16:23.108,429.441435,324.02472
2024-06-01 00:16:23.620,430.191392,374.09265
2024-06-01 00:16:24.132,430.191392,403.5708
2024-06-01 00:17:30.179,430.191392,428.26404
2024-06-01 00:17:30.691,461.464511,439.55206
2024-06-01 00:17:31.203,464.682412,456.75275
2024-06-01 00:17:31.715,464.682412,465.81918
2024-06-01 00:17:32.227,464.682412,474.30847
2024-06-01 00:17:32.739,464.682412,482.1475
2024-06-01 00:17:33.251,464.682412,488.4773
2024-06-01 00:17:33.763,464.682412,493.48953
2024-06-01 00:17:34.275,464.682412,495.99573
2024-06-01 00:17:34.787,464.682412,498.0828
2024-06-01 00:17:35.299,464.682412,499.86264
2024-06-01 00:17:35.811,464.682412,501.39
2024-06-01 00:17:36.323,464.682412,501.39
2024-06-01 00:17:36.835,464.682412,501.39
2024-06-01 00:17:37.347,464.682412,501.39
2024-06-01 00:17:37.859,464.682412,501.39
2024-06-01 00:17:38.371,464.682412,501.39
2024-06-01 00:17:38.883,464.682412,501.39
2024-06-01 00:17:39.395,465.486887,501.39
2024-06-01 00:17:39.907,465.486887,501.39
2024-06-01 00:17:40.419,465.486887,501.39
2024-06-01 00:17:40.931,454.971649,501.39
2024-06-01 00:17:41.443,454.971649,496.70737
2024-06-01 00:17:41.955,454.971649,496.27725
2024-06-01 00:17:42.467,454.971649,495.77676
2024-06-01 00:17:42.979,539.093551,495.30438
2024-06-01 00:17:43.491,539.093551,533.60333
2024-06-01 00:17:44.003,539.093551,533.56604
2024-06-01 00:17:44.515,539.093551,536.68066
2024-06-01 00:17:45.027,497.0326,538.7883
2024-06-01 00:17:45.539,497.0326,521.56067
2024-06-01 00:17:46.051,497.0326,522.45166
2024-06-01 00:18:52.098,497.0326,524.41455
2024-06-01 00:18:52.610,486.517362,525.2164
2024-06-01 00:18:53.122,486.517362,522.0111
2024-06-01 00:18:53.634,486.517362,521.92035
2024-06-01 00:18:54.146,486.517362,520.7635
2024-06-01 00:18:54.658,497.0326,519.43085
2024-06-01 00:18:55.170,497.0326,522.2119
2024-06-01 00:18:55.682,497.0326,520.05054
2024-06-01 00:18:56.194,497.0326,519.50555
2024-06-01 00:18:56.706,497.0326,519.13525
2024-06-01 00:18:57.218,497.0326,518.8452
2024-06-01 00:18:57.730,497.0326,518.54156
2024-06-01 00:18:58.242,497.0326,518.8709
2024-06-01 00:18:58.754,507.547838,519.2898
2024-06-01 00:18:59.266,506.670671,524.21423
2024-06-01 00:18:59.778,506.670671,524.927
2024-06-01 00:19:00.290,506.670671,525.2669
2024-06-01 00:19:00.802,485.676541,525.5626
2024-06-01 00:19:01.314,486.517362,516.91174
2024-06-01 00:19:01.826,486.517362,516.54895
2024-06-01 00:19:02.338,486.517362,516.14545
2024-06-01 00:19:02.850,497.0326,515.8706
2024-06-01 00:19:03.362,497.0326,520.35333
2024-06-01 00:19:03.874,497.0326,520.65076
2024-06-01 00:19:04.386,497.0326,520.4856
2024-06-01 00:19:04.898,497.0326,520.08954
2024-06-01 00:19:05.410,497.0326,519.3696
2024-06-01 00:19:05.922,497.0326,518.5416
2024-06-01 00:19:06.434,497.0326,518.8709
2024-06-01 00:19:06.946,486.517362,519.2898
2024-06-01 00:19:07.458,486.517362,515.3403
2024-06-01 00:19:07.970,486.517362,515.51263
2024-06-01 00:20:14.017,486.517362,516.7114
2024-06-01 00:20:14.529,507.547838,515.9105
2024-06-01 00:20:15.041,507.547838,524.32666
2024-06-01 00:20:15.553,507.547838,523.768
2024-06-01 00:20:16.065,507.547838,522.84985
2024-06-01 00:20:16.577,507.547838,521.19025
2024-06-01 00:20:17.089,507.547838,518.6399
2024-06-01 00:20:17.601,507.547838,516.1308
2024-06-01 00:20:18.113,507.547838,515.74976
2024-06-01 00:20:18.625,507.547838,516.6696
2024-06-01 00:20:19.137,507.547838,518.4509
2024-06-01 00:20:19.649,507.547838,520.2344
2024-06-01 00:20:20.161,507.547838,520.2344
2024-06-01 00:20:20.673,497.0326,520.2344
2024-06-01 00:20:21.185,497.0326,515.96295
2024-06-01 00:20:21.697,497.0326,515.6105
2024-06-01 00:20:22.209,497.0326,515.2709
2024-06-01 00:20:22.721,507.547838,514.94806
2024-06-01 00:20:23.233,507.547838,519.01965
2024-06-01 00:20:23.745,507.547838,519.06226
2024-06-01 00:20:24.257,507.547838,518.95605
2024-06-01 00:20:24.769,497.0326,518.61066
2024-06-01 00:20:25.281,497.0326,513.7196
2024-06-01 00:20:25.793,497.0326,512.7234
2024-06-01 00:20:26.305,497.0326,512.88086
2024-06-01 00:20:26.817,507.547838,513.2499
2024-06-01 00:20:27.329,507.547838,518.1344
2024-06-01 00:20:27.841,507.547838,519.06226
2024-06-01 00:20:28.353,507.547838,518.95605
2024-06-01 00:20:28.865,497.0326,518.61066
2024-06-01 00:20:29.377,497.0326,513.7196
2024-06-01 00:20:29.889,497.0326,512.7234
2024-06-01 00:21:35.936,497.0326,513.53516
2024-06-01 00:21:36.448,444.456412,513.3533
2024-06-01 00:21:36.960,443.688282,492.4347
2024-06-01 00:21:37.472,443.688282,488.53073
2024-06-01 00:21:37.984,443.688282,483.7262
2024-06-01 00:21:38.496,443.688282,477.5988
2024-06-01 00:21:39.008,444.456412,470.20874
2024-06-01 00:21:39.520,444.456412,460.7332
2024-06-01 00:21:40.032,444.456412,450.77634
2024-06-01 00:21:40.544,465.486887,437.3578
2024-06-01 00:21:41.056,464.682412,428.5628
2024-06-01 00:21:41.568,464.682412,409.23578
2024-06-01 00:21:42.080,464.682412,411.40518
2024-06-01 00:21:42.592,454.185347,414.06396
2024-06-01 00:21:43.104,454.185347,413.52258
2024-06-01 00:21:43.616,454.185347,417.00772
2024-06-01 00:21:44.128,454.185347,421.54065
2024-06-01 00:21:44.640,454.185347,426.88058
2024-06-01 00:21:45.152,454.185347,432.46558
2024-06-01 00:21:45.664,454.185347,437.77277
2024-06-01 00:21:46.176,454.185347,435.50012
2024-06-01 00:21:46.688,443.688282,432.52588
2024-06-01 00:21:47.200,443.688282,425.05792
2024-06-01 00:21:47.712,443.688282,420.3794
2024-06-01 00:21:48.224,443.688282,419.34644
2024-06-01 00:21:48.736,443.688282,418.10083
2024-06-01 00:21:49.248,443.688282,416.57645
2024-06-01 00:21:49.760,443.688282,414.49466
2024-06-01 00:21:50.272,443.688282,411.6682
2024-06-01 00:21:50.784,454.185347,408.0924
2024-06-01 00:21:51.296,454.185347,407.96417
2024-06-01 00:21:51.808,454.185347,404.50275
2024-06-01 00:22:57.855,454.185347,413.82483
2024-06-01 00:22:58.367,401.700023,421.55377
2024-06-01 00:22:58.879,401.700023,410.54242
2024-06-01 00:22:59.391,401.700023,416.91052
2024-06-01 00:22:59.903,401.700023,422.5407
2024-06-01 00:23:00.415,412.197088,426.7945
2024-06-01 00:23:00.927,412.197088,434.422
2024-06-01 00:23:01.439,412.197088,435.71906
2024-06-01 00:23:01.951,412.197088,431.58752
2024-06-01 00:23:02.463,422.694153,422.55347
2024-06-01 00:23:02.975,423.425936,413.3764
2024-06-01 00:23:03.487,423.425936,397.97794
2024-06-01 00:23:03.999,423.425936,402.67575
2024-06-01 00:23:04.511,381.364986,407.9059
2024-06-01 00:23:05.023,381.364986,394.68784
2024-06-01 00:23:05.535,381.364986,394.56116
2024-06-01 00:23:06.047,381.364986,391.18533
2024-06-01 00:23:06.559,370.849748,387.599
2024-06-01 00:23:07.071,370.849748,378.28506
2024-06-01 00:23:07.583,370.849748,370.7202
2024-06-01 00:23:08.095,370.849748,356.1286
2024-06-01 00:23:08.607,370.849748,336.80963
2024-06-01 00:23:09.119,370.849748,313.1945
2024-06-01 00:23:09.631,370.849748,286.88025
2024-06-01 00:23:10.143,370.849748,281.9256
2024-06-01 00:23:10.655,381.364986,276.40622
2024-06-01 00:23:11.167,380.705894,275.11935
2024-06-01 00:23:11.679,380.705894,271.32117
2024-06-01 00:23:12.191,380.705894,273.84616
2024-06-01 00:23:12.703,380.705894,276.89713
2024-06-01 00:23:13.215,380.705894,280.5548
2024-06-01 00:23:13.727,380.705894,284.88342
2024-06-01 00:24:19.775,380.705894,307.15527
2024-06-01 00:24:20.287,370.208829,321.77634
2024-06-01 00:24:20.799,370.849748,334.81744
2024-06-01 00:24:21.311,370.849748,351.25916
2024-06-01 00:24:21.823,370.849748,362.33264
2024-06-01 00:24:22.335,381.364986,371.55713
2024-06-01 00:24:22.847,381.364986,383.83948
2024-06-01 00:24:23.359,381.364986,389.32285
2024-06-01 00:24:23.871,381.364986,392.0856
2024-06-01 00:24:24.383,370.849748,391.86646
2024-06-01 00:24:24.895,370.208829,385.3905
2024-06-01 00:24:25.407,370.208829,383.25662
2024-06-01 00:24:25.919,370.208829,384.02893
2024-06-01 00:24:26.431,380.705894,384.93436
2024-06-01 00:24:26.943,380.705894,391.4278
2024-06-01 00:24:27.454,380.705894,393.4901
2024-06-01 00:24:27.966,380.705894,392.79807
2024-06-01 00:24:28.478,380.705894,391.86646
2024-06-01 00:24:28.990,381.364986,390.936
2024-06-01 00:24:29.502,381.364986,390.34882
2024-06-01 00:24:30.014,381.364986,392.87726
2024-06-01 00:24:30.526,391.880224,395.5411
2024-06-01 00:24:31.038,391.202959,403.6814
2024-06-01 00:24:31.550,391.202959,407.4646
2024-06-01 00:24:32.062,391.202959,408.9914
2024-06-01 00:24:32.574,370.208829,410.54022
2024-06-01 00:24:33.086,370.208829,401.08078
2024-06-01 00:24:33.598,370.208829,400.01263
2024-06-01 00:24:34.110,370.208829,398.91425
2024-06-01 00:24:34.622,380.705894,397.98126
2024-06-01 00:24:35.134,381.364986,402.79657
2024-06-01 00:24:35.646,381.364986,402.94452
2024-06-01 00:25:41.694,381.364986,400.45728
2024-06-01 00:25:42.206,370.849748,397.27185
2024-06-01 00:25:42.718,370.849748,388.14618
2024-06-01 00:25:43.230,370.849748,383.25665
2024-06-01 00:25:43.742,370.849748,384.02893
2024-06-01 00:25:44.254,381.364986,384.93436
2024-06-01 00:25:44.766,381.364986,391.4278
2024-06-01 00:25:45.278,381.364986,393.4901
2024-06-01 00:25:45.790,381.364986,392.79807
2024-06-01 00:25:46.302,381.364986,391.86646
2024-06-01 00:25:46.814,381.364986,390.93604
2024-06-01 00:25:47.326,381.364986,390.34888
2024-06-01 00:25:47.838,381.364986,392.87726
2024-06-01 00:25:48.350,381.364986,395.5411
2024-06-01 00:25:48.862,381.364986,398.14578
2024-06-01 00:25:49.374,381.364986,400.5829
2024-06-01 00:25:49.886,381.364986,400.5829
2024-06-01 00:25:50.398,412.910699,400.5829
2024-06-01 00:25:50.910,412.910699,417.14185
2024-06-01 00:25:51.422,412.910699,420.6601
2024-06-01 00:25:51.934,412.910699,424.9347
2024-06-01 00:25:52.446,370.849748,429.22464
2024-06-01 00:25:52.958,370.849748,412.03915
2024-06-01 00:25:53.470,370.849748,411.403
2024-06-01 00:25:53.982,370.849748,410.8209
2024-06-01 00:25:54.494,381.364986,410.56982
2024-06-01 00:25:55.006,380.705894,416.34482
2024-06-01 00:25:55.518,380.705894,417.2462
2024-06-01 00:25:56.030,380.705894,412.81732
2024-06-01 00:25:56.542,370.208829,406.70676
2024-06-01 00:25:57.054,370.208829,393.3341
2024-06-01 00:25:57.566,370.208829,383.25665
2024-06-01 00:27:03.613,370.208829,384.31302
2024-06-01 00:27:04.125,370.208829,385.25415
2024-06-01 00:27:04.637,370.208829,386.33746
2024-06-01 00:27:05.149,370.208829,387.2599
2024-06-01 00:27:05.661,370.208829,385.37598
2024-06-01 00:27:06.173,380.705894,383.2505
2024-06-01 00:27:06.685,380.705894,386.61395
2024-06-01 00:27:07.197,380.705894,385.74457
2024-06-01 00:27:07.709,380.705894,387.87
2024-06-01 00:27:08.221,391.202959,389.83667
2024-06-01 00:27:08.733,391.202959,397.33163
2024-06-01 00:27:09.245,391.202959,400.88477
2024-06-01 00:27:09.757,391.202959,404.85623
2024-06-01 00:27:10.269,380.705894,408.90833
2024-06-01 00:27:10.781,380.705894,407.29816
2024-06-01 00:27:11.293,380.705894,409.73926
2024-06-01 00:27:11.805,380.705894,410.10834
2024-06-01 00:27:12.317,370.208829,410.61963
2024-06-01 00:27:12.829,370.208829,405.4678
2024-06-01 00:27:13.341,370.208829,404.42508
2024-06-01 00:27:13.853,370.208829,401.21252
2024-06-01 00:27:14.365,370.208829,397.67905
2024-06-01 00:27:14.877,370.208829,393.83838
2024-06-01 00:27:15.389,370.208829,389.5484
2024-06-01 00:27:15.901,370.208829,387.26062
2024-06-01 00:27:16.413,380.705894,384.63382
2024-06-01 00:27:16.925,380.705894,387.47632
2024-06-01 00:27:17.437,380.705894,386.13666
2024-06-01 00:27:17.949,380.705894,387.95544
2024-06-01 00:27:18.461,380.705894,389.83667
2024-06-01 00:27:18.973,380.705894,391.8017
2024-06-01 00:27:19.485,380.705894,393.97382
2024-06-01 00:28:25.532,380.705894,396.35025
2024-06-01 00:28:26.044,370.208829,398.84448
2024-06-01 00:28:26.556,370.849748,395.6437
2024-06-01 00:28:27.068,370.849748,396.43863
2024-06-01 00:28:27.580,370.849748,394.83405
2024-06-01 00:28:28.092,360.334511,393.20163
2024-06-01 00:28:28.604,360.334511,385.72775
2024-06-01 00:28:29.116,360.334511,382.14883
2024-06-01 00:28:29.628,360.334511,378.03128
2024-06-01 00:28:30.140,370.849748,373.4309
2024-06-01 00:28:30.652,370.849748,374.13818
2024-06-01 00:28:31.164,370.849748,370.20395
2024-06-01 00:28:31.676,370.849748,369.25665
2024-06-01 00:28:32.188,391.880224,368.09015
2024-06-01 00:28:32.700,391.880224,378.11984
2024-06-01 00:28:33.212,391.880224,380.62207
2024-06-01 00:28:33.724,391.880224,387.48868
2024-06-01 00:28:34.236,370.849748,394.5081
2024-06-01 00:28:34.748,370.849748,390.39957
2024-06-01 00:28:35.260,370.849748,394.0531
2024-06-01 00:28:35.772,370.849748,395.13385
2024-06-01 00:28:36.284,360.334511,396.4075
2024-06-01 00:28:36.796,360.334511,391.82532
2024-06-01 00:28:37.308,360.334511,391.03885
2024-06-01 00:28:37.820,360.334511,385.45
2024-06-01 00:28:38.332,370.849748,378.88654
2024-06-01 00:28:38.844,370.849748,377.1293
2024-06-01 00:28:39.356,370.849748,370.20392
2024-06-01 00:28:39.868,370.849748,369.25665
2024-06-01 00:28:40.380,381.364986,368.09015
2024-06-01 00:28:40.892,381.364986,372.5937
2024-06-01 00:28:41.404,381.364986,373.61664
2024-06-01 00:29:47.451,381.364986,378.6744
2024-06-01 00:29:47.963,433.941174,383.89532
2024-06-01 00:29:48.475,433.191218,416.25748
2024-06-01 00:29:48.987,433.191218,426.72308
2024-06-01 00:29:49.499,433.191218,436.03452
2024-06-01 00:29:50.011,433.191218,445.17487
2024-06-01 00:29:50.523,433.191218,453.4411
2024-06-01 00:29:51.035,433.191218,461.0442
2024-06-01 00:29:51.547,433.191218,466.74323
2024-06-01 00:29:52.059,412.197088,471.78882
2024-06-01 00:29:52.571,412.197088,465.47888
2024-06-01 00:29:53.083,412.197088,467.0918
2024-06-01 00:29:53.595,412.197088,465.55167
2024-06-01 00:29:54.107,433.191218,464.10242
2024-06-01 00:29:54.619,433.191218,473.6613
2024-06-01 00:29:55.131,433.191218,473.7558
2024-06-01 00:29:55.643,433.191218,474.04968
2024-06-01 00:29:56.155,412.197088,474.0739
2024-06-01 00:29:56.667,412.197088,463.29236
2024-06-01 00:29:57.179,412.197088,461.62872
2024-06-01 00:29:57.691,412.197088,461.4398
2024-06-01 00:29:58.203,433.191218,461.40616
2024-06-01 00:29:58.715,433.191218,472.33884
2024-06-01 00:29:59.227,433.191218,473.7558
2024-06-01 00:29:59.739,433.191218,474.04968
2024-06-01 00:30:00.251,464.682412,474.0739
2024-06-01 00:30:00.763,464.682412,489.27914
2024-06-01 00:30:01.275,464.682412,490.15366
2024-06-01 00:30:01.787,464.682412,493.5545
2024-06-01 00:30:02.299,443.688282,496.6023
2024-06-01 00:30:02.811,443.688282,489.19476
2024-06-01 00:30:03.323,443.688282,490.5459
2024-06-01 00:31:09.370,443.688282,492.18243
2024-06-01 00:31:09.882,454.185347,491.8718
2024-06-01 00:31:10.394,454.185347,496.99628
2024-06-01 00:31:10.906,454.185347,496.82953
2024-06-01 00:31:11.418,454.185347,495.85593
2024-06-01 00:31:11.930,443.688282,494.50528
2024-06-01 00:31:12.442,443.688282,487.59473
2024-06-01 00:31:12.954,443.688282,484.61432
2024-06-01 00:31:13.466,443.688282,483.4964
2024-06-01 00:31:13.978,475.179477,483.20325
2024-06-01 00:31:14.490,475.179477,497.9697
2024-06-01 00:31:15.002,475.179477,499.58337
2024-06-01 00:31:15.514,475.179477,500.70496
2024-06-01 00:31:16.026,454.185347,501.5838
2024-06-01 00:31:16.538,454.185347,492.7923
2024-06-01 00:31:17.050,454.185347,492.53525
2024-06-01 00:31:17.562,454.185347,493.09848
2024-06-01 00:31:18.074,454.185347,493.8388
2024-06-01 00:31:18.586,454.185347,494.7937
2024-06-01 00:31:19.098,454.185347,495.58273
2024-06-01 00:31:19.610,454.185347,494.774
2024-06-01 00:31:20.122,454.185347,493.77484
2024-06-01 00:31:20.634,454.185347,492.58386
2024-06-01 00:31:21.146,454.185347,491.25708
2024-06-01 00:31:21.658,454.185347,491.25708
2024-06-01 00:31:22.170,443.688282,491.25708
2024-06-01 00:31:22.682,443.688282,486.49823
2024-06-01 00:31:23.194,443.688282,485.9168
2024-06-01 00:31:23.706,443.688282,485.3078
2024-06-01 00:31:24.218,454.185347,484.71808
2024-06-01 00:31:24.730,454.185347,489.07538
2024-06-01 00:31:25.242,454.185347,489.12573
2024-06-01 00:32:31.289,454.185347,490.018
2024-06-01 00:32:31.801,454.185347,489.26285
2024-06-01 00:32:32.313,454.185347,488.35358
2024-06-01 00:32:32.825,454.185347,486.4503
2024-06-01 00:32:33.337,454.185347,485.43292
2024-06-01 00:32:33.849,433.191218,484.25482
2024-06-01 00:32:34.361,433.191218,473.7988
2024-06-01 00:32:34.873,433.191218,471.50928
2024-06-01 00:32:35.385,433.191218,468.64703
2024-06-01 00:32:35.897,443.688282,466.54254
2024-06-01 00:32:36.409,443.688282,469.79694
2024-06-01 00:32:36.921,443.688282,468.81146
2024-06-01 00:32:37.433,443.688282,467.25906
2024-06-01 00:32:37.945,454.185347,465.04688
2024-06-01 00:32:38.457,454.185347,466.9095
2024-06-01 00:32:38.969,454.185347,464.74017
2024-06-01 00:32:39.481,454.185347,467.1051
2024-06-01 00:32:39.993,454.185347,469.71185
2024-06-01 00:32:40.505,454.185347,472.34613
2024-06-01 00:32:41.017,454.185347,475.0329
2024-06-01 00:32:41.529,454.185347,476.1916
2024-06-01 00:32:42.041,443.688282,477.5459
2024-06-01 00:32:42.553,443.688282,474.40207
2024-06-01 00:32:43.065,443.688282,475.0708
2024-06-01 00:32:43.577,443.688282,474.3581
2024-06-01 00:32:44.089,433.191218,473.6267
2024-06-01 00:32:44.601,433.191218,468.24213
2024-06-01 00:32:45.113,433.191218,466.54437
2024-06-01 00:32:45.625,433.191218,464.63083
2024-06-01 00:32:46.137,443.688282,462.38458
2024-06-01 00:32:46.649,443.688282,464.64148
2024-06-01 00:32:47.161,443.688282,462.5896
2024-06-01 00:33:53.208,443.688282,462.3194
2024-06-01 00:33:53.720,433.191218,461.96283
2024-06-01 00:33:54.232,433.191218,456.98764
2024-06-01 00:33:54.744,433.191218,456.52405
2024-06-01 00:33:55.256,433.191218,458.28394
2024-06-01 00:33:55.768,443.688282,460.17148
2024-06-01 00:33:56.280,444.456412,466.78262
2024-06-01 00:33:56.792,444.456412,468.98907
2024-06-01 00:33:57.304,444.456412,469.17157
2024-06-01 00:33:57.816,454.971649,468.79718
2024-06-01 00:33:58.328,454.971649,472.78253
2024-06-01 00:33:58.840,454.971649,472.83633
2024-06-01 00:33:59.352,454.971649,474.83752
2024-06-01 00:33:59.864,433.941174,476.99487
2024-06-01 00:34:00.376,433.941174,469.80762
2024-06-01 00:34:00.888,433.941174,470.4062
2024-06-01 00:34:01.400,433.941174,469.86566
2024-06-01 00:34:01.912,454.971649,469.47412
2024-06-01 00:34:02.424,454.971649,478.95343
2024-06-01 00:34:02.936,454.971649,480.10495
2024-06-01 00:34:03.448,454.971649,479.69016
2024-06-01 00:34:03.960,444.456412,478.78268
2024-06-01 00:34:04.472,444.456412,472.72235
2024-06-01 00:34:04.984,444.456412,470.78333
2024-06-01 00:34:05.496,444.456412,472.2723
2024-06-01 00:34:06.008,433.941174,474.00897
2024-06-01 00:34:06.520,433.941174,471.10095
2024-06-01 00:34:07.032,433.941174,471.92267
2024-06-01 00:34:07.544,433.941174,470.26935
2024-06-01 00:34:08.056,444.456412,468.3803
2024-06-01 00:34:08.568,444.456412,471.18945
2024-06-01 00:34:09.080,444.456412,469.66388
2024-06-01 00:35:15.127,444.456412,469.34897
2024-06-01 00:35:15.639,360.334511,468.79718
2024-06-01 00:35:16.151,360.334511,428.7412
2024-06-01 00:35:16.663,360.334511,417.88596
2024-06-01 00:35:17.175,360.334511,409.89282
2024-06-01 00:35:17.687,360.334511,401.96912
2024-06-01 00:35:18.199,360.334511,393.92303
2024-06-01 00:35:18.711,360.334511,383.51953
2024-06-01 00:35:19.223,360.334511,364.32114
2024-06-01 00:35:19.735,360.334511,333.4506
2024-06-01 00:35:20.247,360.334511,290.63446
2024-06-01 00:35:20.759,360.334511,244.81161
2024-06-01 00:35:21.271,360.334511,244.81166
2024-06-01 00:35:21.783,370.849748,244.81166
2024-06-01 00:35:22.295,370.849748,249.26273
2024-06-01 00:35:22.807,370.849748,251.293
2024-06-01 00:35:23.319,370.849748,254.01315
2024-06-01 00:35:23.831,349.819273,257.25842
2024-06-01 00:35:24.343,349.819273,252.20773
2024-06-01 00:35:24.855,349.819273,252.49268
2024-06-01 00:35:25.367,349.819273,252.05997
2024-06-01 00:35:25.879,360.334511,251.0748
2024-06-01 00:35:26.391,360.334511,253.66692
2024-06-01 00:35:26.903,360.334511,252.39192
2024-06-01 00:35:27.415,360.334511,244.72957
2024-06-01 00:35:27.927,360.334511,236.71419
2024-06-01 00:35:28.439,360.334511,229.35753
2024-06-01 00:35:28.951,360.334511,223.17807
2024-06-01 00:35:29.463,360.334511,228.2738
2024-06-01 00:35:29.975,360.334511,233.7575
2024-06-01 00:35:30.487,360.334511,239.30702
2024-06-01 00:35:30.999,360.334511,244.81166
2024-06-01 00:36:37.047,360.334511,264.88104
2024-06-01 00:36:37.559,349.819273,275.1283
2024-06-01 00:36:38.071,349.2147,285.3614
2024-06-01 00:36:38.583,349.2147,299.05573
2024-06-01 00:36:39.095,349.2147,311.485
2024-06-01 00:36:39.607,349.2147,321.98486
2024-06-01 00:36:40.119,349.2147,329.67538
2024-06-01 00:36:40.631,349.2147,333.97592
2024-06-01 00:36:41.143,349.2147,334.62503
2024-06-01 00:36:41.655,349.2147,331.40652
2024-06-01 00:36:42.167,349.2147,327.3472
2024-06-01 00:36:42.679,349.2147,323.32233
2024-06-01 00:36:43.191,349.2147,323.32233
2024-06-01 00:36:43.703,380.705894,323.32233
2024-06-01 00:36:44.215,380.705894,340.3581
2024-06-01 00:36:44.727,380.705894,346.27194
2024-06-01 00:36:45.239,380.705894,353.44788
2024-06-01 00:36:45.751,349.2147,361.05713
2024-06-01 00:36:46.263,349.2147,352.4688
2024-06-01 00:36:46.775,349.2147,355.36856
2024-06-01 00:36:47.286,349.2147,357.9375
2024-06-01 00:36:47.798,349.2147,360.56876
2024-06-01 00:36:48.310,349.2147,362.75952
2024-06-01 00:36:48.822,349.2147,364.09723
2024-06-01 00:36:49.334,349.2147,356.1249
2024-06-01 00:36:49.846,349.2147,346.33792
2024-06-01 00:36:50.358,349.2147,335.15897
2024-06-01 00:36:50.870,349.2147,323.32233
2024-06-01 00:36:51.382,349.2147,323.32233
2024-06-01 00:36:51.894,359.711764,323.32233
2024-06-01 00:36:52.406,359.711764,329.049
2024-06-01 00:36:52.918,359.711764,331.171
2024-06-01 00:37:58.966,359.711764,334.37488
2024-06-01 00:37:59.478,317.723506,337.1464
2024-06-01 00:37:59.990,317.723506,317.37567
2024-06-01 00:38:00.502,317.723506,312.10486
2024-06-01 00:38:01.014,317.723506,305.9685
2024-06-01 00:38:01.526,349.2147,299.64886
2024-06-01 00:38:02.038,349.819273,310.47574
2024-06-01 00:38:02.550,349.819273,308.28027
2024-06-01 00:38:03.062,349.819273,300.72052
2024-06-01 00:38:03.574,328.788798,291.5135
2024-06-01 00:38:04.086,328.22057,272.11426
2024-06-01 00:38:04.598,328.22057,261.78012
2024-06-01 00:38:05.110,328.22057,269.31625
2024-06-01 00:38:05.622,349.2147,276.73218
2024-06-01 00:38:06.134,349.819273,294.72052
2024-06-01 00:38:06.646,349.819273,304.83667
2024-06-01 00:38:07.158,349.819273,302.06213
2024-06-01 00:38:07.670,339.304035,299.0525
2024-06-01 00:38:08.182,339.304035,291.21356
2024-06-01 00:38:08.694,339.304035,288.06396
2024-06-01 00:38:09.206,339.304035,293.85974
2024-06-01 00:38:09.718,339.304035,299.70282
2024-06-01 00:38:10.230,339.304035,304.99466
2024-06-01 00:38:10.742,339.304035,309.53497
2024-06-01 00:38:11.254,339.304035,305.55145
2024-06-01 00:38:11.766,328.788798,301.18918
2024-06-01 00:38:12.278,328.22057,290.9311
2024-06-01 00:38:12.790,328.22057,284.1573
2024-06-01 00:38:13.302,328.22057,281.18665
2024-06-01 00:38:13.814,338.717635,277.97968
2024-06-01 00:38:14.326,338.717635,280.14294
2024-06-01 00:38:14.838,338.717635,278.55835
2024-06-01 00:39:20.885,338.717635,278.61743
2024-06-01 00:39:21.397,338.717635,277.40442
2024-06-01 00:39:21.909,339.304035,277.7069
2024-06-01 00:39:22.421,339.304035,279.04156
2024-06-01 00:39:22.933,339.304035,285.2537
2024-06-01 00:39:23.445,360.334511,291.6051
2024-06-01 00:39:23.957,360.334511,309.13306
2024-06-01 00:39:24.469,360.334511,319.0501
2024-06-01 00:39:24.981,360.334511,325.28693
2024-06-01 00:39:25.493,370.849748,331.1825
2024-06-01 00:39:26.005,370.208829,342.88058
2024-06-01 00:39:26.517,370.208829,351.20728
2024-06-01 00:39:27.029,370.208829,360.10254
2024-06-01 00:39:27.541,359.711764,368.87115
2024-06-01 00:39:28.053,359.711764,371.15845
2024-06-01 00:39:28.565,359.711764,376.80676
2024-06-01 00:39:29.077,359.711764,377.2527
2024-06-01 00:39:29.589,359.711764,377.83038
2024-06-01 00:39:30.101,359.711764,378.36426
2024-06-01 00:39:30.613,359.711764,378.64795
2024-06-01 00:39:31.125,359.711764,376.3753
2024-06-01 00:39:31.637,349.2147,373.83936
2024-06-01 00:39:32.149,349.2147,365.16772
2024-06-01 00:39:32.661,349.2147,360.66864
2024-06-01 00:39:33.173,349.2147,358.54404
2024-06-01 00:39:33.685,401.700023,356.3818
2024-06-01 00:39:34.197,402.395461,383.86563
2024-06-01 00:39:34.709,402.395461,389.20615
2024-06-01 00:39:35.221,402.395461,396.14783
2024-06-01 00:39:35.733,381.364986,403.09106
2024-06-01 00:39:36.245,380.705894,399.13702
2024-06-01 00:39:36.757,380.705894,404.2157
2024-06-01 00:40:42.804,380.705894,410.54868
2024-06-01 00:40:43.316,359.711764,416.73044
2024-06-01 00:40:43.828,360.334511,409.7604
2024-06-01 00:40:44.340,360.334511,410.4041
2024-06-01 00:40:44.852,360.334511,404.79022
2024-06-01 00:40:45.364,360.334511,398.36176
2024-06-01 00:40:45.876,360.334511,390.83972
2024-06-01 00:40:46.388,360.334511,381.81155
2024-06-01 00:40:46.900,360.334511,376.4007
2024-06-01 00:40:47.412,370.849748,370.65973
2024-06-01 00:40:47.924,370.849748,370.42175
2024-06-01 00:40:48.436,370.849748,365.81686
2024-06-01 00:40:48.948,370.849748,367.93192
2024-06-01 00:40:49.460,360.334511,370.1297
2024-06-01 00:40:49.972,360.334511,366.7295
2024-06-01 00:40:50.484,360.334511,367.50684
2024-06-01 00:40:50.996,360.334511,368.2691
2024-06-01 00:40:51.508,339.304035,369.1493
2024-06-01 00:40:52.020,339.304035,358.06262
2024-06-01 00:40:52.532,339.304035,354.61896
2024-06-01 00:40:53.044,339.304035,347.5388
2024-06-01 00:40:53.556,318.27356,339.7166
2024-06-01 00:40:54.068,318.27356,318.76422
2024-06-01 00:40:54.580,318.27356,304.0075
2024-06-01 00:40:55.092,318.27356,290.8
2024-06-01 00:40:55.604,328.788798,275.84265
2024-06-01 00:40:56.116,328.788798,265.0235
2024-06-01 00:40:56.628,328.788798,249.51352
2024-06-01 00:40:57.140,328.788798,243.09447
2024-06-01 00:40:57.652,349.819273,236.37175
2024-06-01 00:40:58.164,349.819273,240.80255
2024-06-01 00:40:58.676,349.819273,240.67921
2024-06-01 00:42:04.723,349.819273,251.9271
2024-06-01 00:42:05.235,402.395461,264.06067
2024-06-01 00:42:05.747,401.700023,303.04623
2024-06-01 00:42:06.259,401.700023,326.76947
2024-06-01 00:42:06.771,401.700023,348.37567
2024-06-01 00:42:07.283,412.197088,370.27435
2024-06-01 00:42:07.795,412.197088,395.9709
2024-06-01 00:42:08.307,412.197088,415.27972
2024-06-01 00:42:08.819,412.197088,427.87415
2024-06-01 00:42:09.331,391.202959,438.8071
2024-06-01 00:42:09.843,391.202959,436.4925
2024-06-01 00:42:10.355,391.202959,440.94104
2024-06-01 00:42:10.867,391.202959,439.81015
2024-06-01 00:42:11.379,422.694153,438.8676
2024-06-01 00:42:11.891,422.694153,455.0812
2024-06-01 00:42:12.403,422.694153,456.74628
2024-06-01 00:42:12.915,422.694153,457.8592
2024-06-01 00:42:13.427,391.202959,458.56836
2024-06-01 00:42:13.939,391.202959,442.68396
2024-06-01 00:42:14.451,391.202959,440.55902
2024-06-01 00:42:14.963,391.202959,440.46268
2024-06-01 00:42:15.475,401.700023,440.58405
2024-06-01 00:42:15.987,401.700023,446.64145
2024-06-01 00:42:16.499,401.700023,447.74487
2024-06-01 00:42:17.011,401.700023,446.191
2024-06-01 00:42:17.523,422.694153,444.1383
2024-06-01 00:42:18.035,422.694153,452.66498
2024-06-01 00:42:18.547,422.694153,451.59613
2024-06-01 00:42:19.059,422.694153,454.90082
2024-06-01 00:42:19.571,401.700023,458.06
2024-06-01 00:42:20.083,401.700023,450.10187
2024-06-01 00:42:20.595,401.700023,451.02417
2024-06-01 00:43:26.642,401.700023,451.52777
2024-06-01 00:43:27.154,328.22057,451.0431
2024-06-01 00:43:27.666,328.22057,410.61218
2024-06-01 00:43:28.178,328.22057,399.3086
2024-06-01 00:43:28.690,328.22057,387.33783
2024-06-01 00:43:29.202,349.2147,373.44223
2024-06-01 00:43:29.714,349.819273,367.4125
2024-06-01 00:43:30.226,349.819273,343.8108
2024-06-01 00:43:30.738,349.819273,318.4673
2024-06-01 00:43:31.250,339.304035,287.08096
2024-06-01 00:43:31.762,338.717635,249.54831
2024-06-01 00:43:32.274,338.717635,219.23761
2024-06-01 00:43:32.786,338.717635,226.46147
2024-06-01 00:43:33.298,338.717635,233.86578
2024-06-01 00:43:33.810,338.717635,240.71326
2024-06-01 00:43:34.322,338.717635,246.79137
2024-06-01 00:43:34.834,338.717635,241.56757
2024-06-01 00:43:35.346,328.22057,235.9566
2024-06-01 00:43:35.858,328.22057,225.43782
2024-06-01 00:43:36.370,328.22057,217.72574
2024-06-01 00:43:36.882,328.22057,214.58667
2024-06-01 00:43:37.394,338.717635,211.01178
2024-06-01 00:43:37.906,338.717635,211.7222
2024-06-01 00:43:38.418,338.717635,209.42084
2024-06-01 00:43:38.930,338.717635,207.35797
2024-06-01 00:43:39.442,349.2147,205.48392
2024-06-01 00:43:39.954,349.2147,208.92673
2024-06-01 00:43:40.466,349.2147,210.86124
2024-06-01 00:43:40.978,349.2147,219.08656
2024-06-01 00:43:41.490,317.723506,228.11154
2024-06-01 00:43:42.002,317.723506,223.13243
2024-06-01 00:43:42.514,317.723506,225.45264
2024-06-01 00:44:48.561,317.723506,234.522
2024-06-01 00:44:49.073,338.717635,234.03477
2024-06-01 00:44:49.585,339.304035,248.07121
2024-06-01 00:44:50.097,339.304035,255.7131
2024-06-01 00:44:50.609,339.304035,259.63492
2024-06-01 00:44:51.121,328.788798,263.21063
2024-06-01 00:44:51.633,328.788798,260.8433
2024-06-01 00:44:52.145,328.788798,260.72186
2024-06-01 00:44:52.657,328.788798,270.0284
2024-06-01 00:44:53.169,339.304035,276.62433
2024-06-01 00:44:53.681,339.304035,287.49878
2024-06-01 00:44:54.193,339.304035,294.29407
2024-06-01 00:44:54.705,339.304035,293.1618
2024-06-01 00:44:55.217,339.304035,291.94336
2024-06-01 00:44:55.729,339.304035,291.06714
2024-06-01 00:44:56.241,339.304035,290.77435
2024-06-01 00:44:56.753,339.304035,294.85168
2024-06-01 00:44:57.265,328.788798,299.057
2024-06-01 00:44:57.777,328.788798,297.21033
2024-06-01 00:44:58.289,328.788798,298.60742
2024-06-01 00:44:58.801,328.788798,295.78326
2024-06-01 00:44:59.313,328.788798,292.81897
2024-06-01 00:44:59.825,328.788798,289.5752
2024-06-01 00:45:00.337,328.788798,285.9499
2024-06-01 00:45:00.849,328.788798,281.9216
2024-06-01 00:45:01.361,349.819273,277.59253
2024-06-01 00:45:01.873,349.819273,284.78708
2024-06-01 00:45:02.385,349.819273,285.37158
2024-06-01 00:45:02.897,349.819273,291.2873
2024-06-01 00:45:03.409,339.304035,297.5816
2024-06-01 00:45:03.921,338.717635,298.65106
2024-06-01 00:45:04.433,338.717635,303.60742
2024-06-01 00:46:10.480,338.717635,308.87534
2024-06-01 00:46:10.992,338.717635,313.75055
2024-06-01 00:46:11.504,339.304035,318.41318
2024-06-01 00:46:12.016,339.304035,322.49078
2024-06-01 00:46:12.528,339.304035,319.4983
2024-06-01 00:46:13.040,349.819273,316.3157
2024-06-01 00:46:13.552,349.819273,319.06653
2024-06-01 00:46:14.064,349.819273,318.08728
2024-06-01 00:46:14.576,349.819273,321.0525
2024-06-01 00:46:15.088,339.304035,323.91724
2024-06-01 00:46:15.600,339.304035,320.92142
2024-06-01 00:46:16.112,339.304035,321.87592
2024-06-01 00:46:16.624,339.304035,322.6937
2024-06-01 00:46:17.136,360.334511,323.5972
2024-06-01 00:46:17.648,360.334511,336.3587
2024-06-01 00:46:18.160,360.334511,340.86707
2024-06-01 00:46:18.672,360.334511,342.49316
2024-06-01 00:46:19.184,328.788798,344.07135
2024-06-01 00:46:19.696,328.788798,328.216
2024-06-01 00:46:20.208,328.788798,324.39825
2024-06-01 00:46:20.720,328.788798,323.238
2024-06-01 00:46:21.232,349.819273,322.26447
2024-06-01 00:46:21.744,349.819273,333.27786
2024-06-01 00:46:22.256,349.819273,335.43542
2024-06-01 00:46:22.768,349.819273,330.78064
2024-06-01 00:46:23.280,307.758322,325.14517
2024-06-01 00:46:23.792,307.758322,295.8014
2024-06-01 00:46:24.304,307.758322,281.9132
2024-06-01 00:46:24.816,307.758322,277.86066
2024-06-01 00:46:25.328,307.758322,273.8435
2024-06-01 00:46:25.840,307.226441,268.95618
2024-06-01 00:46:26.352,307.226441,262.69482
2024-06-01 00:47:32.400,307.226441,245.8135
2024-06-01 00:47:32.912,275.735247,227.80719
2024-06-01 00:47:33.424,275.257884,192.11313
2024-06-01 00:47:33.935,275.257884,165.22519
2024-06-01 00:47:34.447,275.257884,154.25964
2024-06-01 00:47:34.959,275.257884,144.42136
2024-06-01 00:47:35.471,275.257884,132.82228
2024-06-01 00:47:35.983,275.257884,121.51497
2024-06-01 00:47:36.495,275.257884,110.42752
2024-06-01 00:47:37.007,264.778992,100.30455
2024-06-01 00:47:37.519,265.238182,87.507774
2024-06-01 00:47:38.031,265.238182,78.54028
2024-06-01 00:47:38.543,265.238182,76.58182
2024-06-01 00:47:39.055,275.735247,74.69025
2024-06-01 00:47:39.567,275.257884,76.39829
2024-06-01 00:47:40.079,275.257884,75.62335
2024-06-01 00:47:40.591,275.257884,75.264755
2024-06-01 00:47:41.103,264.778992,74.96077
2024-06-01 00:47:41.615,264.778992,71.126205
2024-06-01 00:47:42.127,264.778992,69.78121
2024-06-01 00:47:42.639,264.778992,70.0668
2024-06-01 00:47:43.151,285.736775,70.34005
2024-06-01 00:47:43.663,286.232311,78.070145
2024-06-01 00:47:44.175,286.232311,81.24147
2024-06-01 00:47:44.687,286.232311,83.07297
2024-06-01 00:47:45.199,275.735247,85.03044
2024-06-01 00:47:45.711,275.735247,83.62846
2024-06-01 00:47:46.223,275.735247,84.84132
2024-06-01 00:47:46.735,275.735247,87.98146
2024-06-01 00:47:47.247,265.238182,91.15112
2024-06-01 00:47:47.759,264.778992,89.702576
2024-06-01 00:47:48.271,264.778992,90.112885
2024-06-01 00:48:54.319,264.778992,97.977425
2024-06-01 00:48:54.831,254.3001,95.673744
2024-06-01 00:48:55.343,254.741117,93.87467
2024-06-01 00:48:55.855,254.741117,93.80468
2024-06-01 00:48:56.367,254.741117,95.75029
2024-06-01 00:48:56.879,254.741117,97.49295
2024-06-01 00:48:57.391,254.741117,98.802086
2024-06-01 00:48:57.903,254.741117,99.44623
2024-06-01 00:48:58.415,254.741117,101.08531
2024-06-01 00:48:58.927,254.741117,101.93855
2024-06-01 00:48:59.439,254.3001,99.7988
2024-06-01 00:48:59.951,254.3001,96.33616
2024-06-01 00:49:00.463,254.3001,96.14216
2024-06-01 00:49:00.975,264.778992,97.014824
2024-06-01 00:49:01.487,264.778992,101.10455
2024-06-01 00:49:01.999,264.778992,103.007095
2024-06-01 00:49:02.511,264.778992,105.17816
2024-06-01 00:49:03.023,264.778992,107.36978
2024-06-01 00:49:03.535,265.238182,109.69646
2024-06-01 00:49:04.047,265.238182,112.148
2024-06-01 00:49:04.559,265.238182,114.80645
2024-06-01 00:49:05.071,349.2147,117.54207
2024-06-01 00:49:05.583,348.610126,156.43224
2024-06-01 00:49:06.095,348.610126,176.29782
2024-06-01 00:49:06.606,348.610126,198.25233
2024-06-01 00:49:07.118,275.257884,222.26077
2024-06-01 00:49:07.630,275.257884,209.92258
2024-06-01 00:49:08.142,275.257884,217.85812
2024-06-01 00:49:08.654,275.257884,222.70407
2024-06-01 00:49:09.166,275.257884,227.6521
2024-06-01 00:49:09.678,275.735247,231.33977
2024-06-01 00:49:10.190,275.735247,234.43857
2024-06-01 00:50:16.238,275.735247,215.38498
2024-06-01 00:50:16.750,286.232311,192.91248
2024-06-01 00:50:17.262,286.232311,177.86322
2024-06-01 00:50:17.774,286.232311,162.18176
2024-06-01 00:50:18.286,286.232311,166.52338
2024-06-01 00:50:18.798,359.711764,171.0108
2024-06-01 00:50:19.310,359.089018,212.03958
2024-06-01 00:50:19.822,359.089018,234.0106
2024-06-01 00:50:20.334,359.089018,258.72107
2024-06-01 00:50:20.846,275.257884,282.79053
2024-06-01 00:50:21.358,275.735247,258.36215
2024-06-01 00:50:21.870,275.735247,260.296
2024-06-01 00:50:22.382,275.735247,257.17096
2024-06-01 00:50:22.894,296.729376,255.3168
2024-06-01 00:50:23.406,296.729376,265.715
2024-06-01 00:50:23.918,296.729376,268.18756
2024-06-01 00:50:24.430,296.729376,253.75702
2024-06-01 00:50:24.942,296.729376,236.31343
2024-06-01 00:50:25.454,296.729376,218.17569
2024-06-01 00:50:25.966,296.729376,201.73404
2024-06-01 00:50:26.478,296.729376,207.747
2024-06-01 00:50:26.990,275.735247,213.71817
2024-06-01 00:50:27.502,275.735247,207.86499
2024-06-01 00:50:28.014,275.735247,208.24834
2024-06-01 00:50:28.526,275.735247,202.65125
2024-06-01 00:50:29.038,265.238182,197.30467
2024-06-01 00:50:29.550,265.238182,186.25221
2024-06-01 00:50:30.062,265.238182,178.43
2024-06-01 00:50:30.574,265.238182,170.15747
2024-06-01 00:50:31.086,275.735247,162.04874
2024-06-01 00:50:31.598,275.735247,159.37204
2024-06-01 00:50:32.110,275.735247,153.9123
2024-06-01 00:51:38.157,275.735247,150.8798
2024-06-01 00:51:38.669,296.729376,150.67178
2024-06-01 00:51:39.181,296.729376,158.90918
2024-06-01 00:51:39.693,296.729376,161.52145
2024-06-01 00:51:40.205,296.729376,167.32434
2024-06-01 00:51:40.717,254.741117,173.04463
2024-06-01 00:51:41.229,254.741117,157.9407
2024-06-01 00:51:41.741,254.741117,154.81784
2024-06-01 00:51:42.253,254.741117,148.1016
2024-06-01 00:51:42.765,275.735247,142.35104
2024-06-01 00:51:43.277,275.257884,147.40927
2024-06-01 00:51:43.789,275.257884,142.87317
2024-06-01 00:51:44.301,275.257884,135.57538
2024-06-01 00:51:44.813,264.778992,130.78433
2024-06-01 00:51:45.325,264.778992,120.32468
2024-06-01 00:51:45.837,264.778992,114.54423
2024-06-01 00:51:46.349,264.778992,117.362686
2024-06-01 00:51:46.861,264.778992,120.347595
2024-06-01 00:51:47.373,265.238182,123.0216
2024-06-01 00:51:47.885,265.238182,125.52246
2024-06-01 00:51:48.397,265.238182,123.37694
2024-06-01 00:51:48.909,254.741117,121.27621
2024-06-01 00:51:49.421,254.3001,114.35977
2024-06-01 00:51:49.933,254.3001,108.64763
2024-06-01 00:51:50.445,254.3001,106.1469
2024-06-01 00:51:50.957,254.3001,98.86318
2024-06-01 00:51:51.469,254.741117,95.61211
2024-06-01 00:51:51.981,254.741117,96.995346
2024-06-01 00:51:52.493,254.741117,93.66143
2024-06-01 00:51:53.005,265.238182,92.02608
2024-06-01 00:51:53.517,264.778992,94.375626
2024-06-01 00:51:54.029,264.778992,94.59355
2024-06-01 00:53:00.076,264.778992,100.515976
2024-06-01 00:53:00.588,317.173451,103.85448
2024-06-01 00:53:01.100,317.173451,131.04106
2024-06-01 00:53:01.612,317.173451,145.32672
2024-06-01 00:53:02.124,317.173451,162.96875
2024-06-01 00:53:02.636,317.173451,182.49254
2024-06-01 00:53:03.148,317.723506,202.40564
2024-06-01 00:53:03.660,317.723506,222.84128
2024-06-01 00:53:04.172,317.723506,240.24591
2024-06-01 00:53:04.684,328.22057,256.49576
2024-06-01 00:53:05.196,328.22057,276.17004
2024-06-01 00:53:05.708,328.22057,290.88104
2024-06-01 00:53:06.220,328.22057,293.60022
2024-06-01 00:53:06.732,328.22057,296.20276
2024-06-01 00:53:07.244,327.652343,298.6735
2024-06-01 00:53:07.756,327.652343,301.07294
2024-06-01 00:53:08.268,327.652343,303.5161
2024-06-01 00:53:08.780,327.652343,305.95468
2024-06-01 00:53:09.292,328.22057,308.27524
2024-06-01 00:53:09.804,328.22057,310.45474
2024-06-01 00:53:10.316,328.22057,310.45474
2024-06-01 00:53:10.828,317.723506,310.45474
2024-06-01 00:53:11.340,317.723506,304.32327
2024-06-01 00:53:11.852,317.723506,302.29352
2024-06-01 00:53:12.364,317.723506,299.90982
2024-06-01 00:53:12.876,317.723506,297.68796
2024-06-01 00:53:13.388,317.173451,295.46436
2024-06-01 00:53:13.900,317.173451,293.1502
2024-06-01 00:53:14.412,317.173451,290.70514
2024-06-01 00:53:14.924,317.173451,285.3848
2024-06-01 00:53:15.436,317.723506,281.92404
2024-06-01 00:53:15.948,317.723506,281.40308
2024-06-01 00:54:21.995,317.723506,278.84802
2024-06-01 00:54:22.507,317.723506,281.47375
2024-06-01 00:54:23.019,317.173451,279.875
2024-06-01 00:54:23.531,317.173451,277.24112
2024-06-01 00:54:24.043,317.173451,272.53497
2024-06-01 00:54:24.555,338.131235,265.67325
2024-06-01 00:54:25.067,338.131235,269.27997
2024-06-01 00:54:25.579,338.131235,262.7054
2024-06-01 00:54:26.091,338.131235,260.6189
2024-06-01 00:54:26.603,317.173451,265.2627
2024-06-01 00:54:27.115,317.723506,260.82816
2024-06-01 00:54:27.627,317.723506,263.3135
2024-06-01 00:54:28.139,317.723506,265.44513
2024-06-01 00:54:28.651,338.717635,267.79022
2024-06-01 00:54:29.163,338.131235,281.47995
2024-06-01 00:54:29.675,338.131235,287.57437
2024-06-01 00:54:30.187,338.131235,286.40146
2024-06-01 00:54:30.699,327.652343,283.27795
2024-06-01 00:54:31.211,327.652343,275.427
2024-06-01 00:54:31.723,327.652343,273.4798
2024-06-01 00:54:32.235,327.652343,278.44196
2024-06-01 00:54:32.747,317.173451,283.49902
2024-06-01 00:54:33.259,317.723506,282.1546
2024-06-01 00:54:33.771,317.723506,283.7281
2024-06-01 00:54:34.283,317.723506,277.30713
2024-06-01 00:54:34.795,317.723506,270.52206
2024-06-01 00:54:35.307,317.173451,263.51508
2024-06-01 00:54:35.819,317.173451,251.19183
2024-06-01 00:54:36.331,317.173451,245.14871
2024-06-01 00:54:36.843,327.652343,243.30167
2024-06-01 00:54:37.355,328.22057,244.0783
2024-06-01 00:54:37.867,328.22057,242.42755
2024-06-01 00:55:43.914,328.22057,245.68855
2024-06-01 00:55:44.426,349.2147,249.5242
2024-06-01 00:55:44.938,349.2147,265.044
2024-06-01 00:55:45.450,349.2147,274.8164
2024-06-01 00:55:45.962,349.2147,286.32477
2024-06-01 00:55:46.474,338.717635,297.9245
2024-06-01 00:55:46.986,338.131235,303.081
2024-06-01 00:55:47.498,338.131235,311.1983
2024-06-01 00:55:48.010,338.131235,315.60858
2024-06-01 00:55:48.522,338.131235,320.07062
2024-06-01 00:55:49.034,338.131235,324.1161
2024-06-01 00:55:49.546,338.131235,325.99283
2024-06-01 00:55:50.058,338.131235,322.0753
2024-06-01 00:55:50.570,348.610126,319.5816
2024-06-01 00:55:51.082,348.610126,322.03467
2024-06-01 00:55:51.594,348.610126,320.61444
2024-06-01 00:55:52.106,348.610126,323.25208
2024-06-01 00:55:52.618,348.610126,326.06494
2024-06-01 00:55:53.130,349.2147,329.11377
2024-06-01 00:55:53.642,349.2147,332.4154
2024-06-01 00:55:54.154,349.2147,335.9901
2024-06-01 00:55:54.666,349.2147,339.65738
2024-06-01 00:55:55.178,349.2147,342.99692
2024-06-01 00:55:55.690,349.2147,345.95746
2024-06-01 00:55:56.202,349.2147,345.95746
2024-06-01 00:55:56.714,370.208829,345.95746
2024-06-01 00:55:57.226,369.56791,357.9959
2024-06-01 00:55:57.738,369.56791,360.21674
2024-06-01 00:55:58.250,369.56791,363.7978
2024-06-01 00:55:58.762,359.089018,369.20923
2024-06-01 00:55:59.274,359.089018,367.9618
2024-06-01 00:55:59.786,359.089018,370.7553
2024-06-01 00:57:05.833,359.089018,373.40714
2024-06-01 00:57:06.345,359.089018,377.00745
2024-06-01 00:57:06.857,359.089018,379.74
2024-06-01 00:57:07.369,359.089018,381.78198
2024-06-01 00:57:07.881,359.089018,379.05865
2024-06-01 00:57:08.393,359.089018,375.65628
2024-06-01 00:57:08.905,359.711764,371.666
2024-06-01 00:57:09.417,359.711764,367.58377
2024-06-01 00:57:09.929,359.711764,366.6529
2024-06-01 00:57:10.441,328.22057,366.36133
2024-06-01 00:57:10.953,327.652343,348.31818
2024-06-01 00:57:11.465,327.652343,340.59393
2024-06-01 00:57:11.977,327.652343,333.00992
2024-06-01 00:57:12.489,317.173451,326.92712
2024-06-01 00:57:13.001,317.173451,312.77423
2024-06-01 00:57:13.513,317.173451,300.91418
2024-06-01 00:57:14.025,317.173451,286.94586
2024-06-01 00:57:14.537,338.131235,271.1242
2024-06-01 00:57:15.049,338.717635,265.6501
2024-06-01 00:57:15.561,338.717635,253.08914
2024-06-01 00:57:16.073,338.717635,255.27441
2024-06-01 00:57:16.585,328.22057,257.75577
2024-06-01 00:57:17.097,327.652343,255.3455
2024-06-01 00:57:17.609,327.652343,256.82413
2024-06-01 00:57:18.121,327.652343,262.7202
2024-06-01 00:57:18.633,317.173451,268.6582
2024-06-01 00:57:19.145,317.173451,268.2066
2024-06-01 00:57:19.657,317.173451,270.19608
2024-06-01 00:57:20.169,317.173451,262.8786
2024-06-01 00:57:20.681,338.131235,254.9979
2024-06-01 00:57:21.193,338.717635,258.0024
2024-06-01 00:57:21.705,338.717635,254.29196
2024-06-01 00:58:27.752,338.717635,254.64478
2024-06-01 00:58:28.264,328.22057,278.08154
2024-06-01 00:58:28.776,325.94766,279.27118
2024-06-01 00:58:29.288,325.94766,336.20508
2024-06-01 00:58:29.800,325.94766,352.83423
2024-06-01 00:58:30.312,325.94766,338.57013
2024-06-01 00:58:30.824,325.94766,324.3484
2024-06-01 00:58:31.336,325.94766,322.7119
2024-06-01 00:58:31.848,325.94766,325.4114
2024-06-01 00:58:32.360,336.372034,325.40833
2024-06-01 00:58:32.872,336.372034,334.87787
2024-06-01 00:58:33.384,336.372034,336.43845
2024-06-01 00:58:33.896,336.372034,334.82712
2024-06-01 00:58:34.408,325.94766,332.3313
2024-06-01 00:58:34.920,325.94766,324.27145
2024-06-01 00:58:35.432,325.94766,321.6581
2024-06-01 00:58:35.944,325.94766,322.43774
2024-06-01 00:58:36.456,325.94766,323.95343
2024-06-01 00:58:36.968,325.379433,324.1861
2024-06-01 00:58:37.480,325.379433,325.19345
2024-06-01 00:58:37.992,325.379433,325.26666
2024-06-01 00:58:38.504,325.379433,323.65717
2024-06-01 00:58:39.016,325.94766,323.2101
2024-06-01 00:58:39.528,325.94766,324.7085
2024-06-01 00:58:40.040,325.94766,324.89148
2024-06-01 00:58:40.552,325.94766,324.3407
2024-06-01 00:58:41.064,325.94766,324.04144
2024-06-01 00:58:41.576,325.94766,324.20355
2024-06-01 00:58:42.088,325.94766,324.40466
2024-06-01 00:58:42.600,336.372034,327.0659
2024-06-01 00:58:43.112,336.372034,335.82532
2024-06-01 00:58:43.624,336.372034,334.4886
2024-06-01 00:59:49.672,336.372034,334.4953
2024-06-01 00:59:50.184,252.977049,325.66425
2024-06-01 00:59:50.696,252.977049,264.89575
2024-06-01 00:59:51.208,252.977049,252.2119
2024-06-01 00:59:51.720,252.977049,257.62753
2024-06-01 00:59:52.232,252.977049,263.0797
2024-06-01 00:59:52.744,252.977049,261.8193
2024-06-01 00:59:53.255,252.977049,261.78122
2024-06-01 00:59:53.767,252.977049,261.76456
2024-06-01 00:59:54.279,263.401422,259.67572
2024-06-01 00:59:54.791,262.942232,265.96365
2024-06-01 00:59:55.303,262.942232,267.4811
2024-06-01 00:59:55.815,262.942232,266.7817
2024-06-01 00:59:56.327,262.942232,264.19974
2024-06-01 00:59:56.839,263.401422,264.09277
2024-06-01 00:59:57.351,263.401422,265.19077
2024-06-01 00:59:57.863,263.401422,265.62564
2024-06-01 00:59:58.375,263.401422,265.29636
2024-06-01 00:59:58.887,263.401422,265.1632
2024-06-01 00:59:59.399,263.401422,265.5031
2024-06-01 00:59:59.911,263.401422,265.6662
2024-06-01 01:00:00.423,263.401422,265.59933
2024-06-01 01:00:00.935,263.401422,265.46106
2024-06-01 01:00:01.447,263.401422,265.46106
2024-06-01 01:00:01.959,263.401422,265.46106
2024-06-01 01:00:02.471,273.825795,265.46106
2024-06-01 01:00:02.983,273.348432,273.97266
2024-06-01 01:00:03.495,273.348432,276.57877
2024-06-01 01:00:04.007,273.348432,275.658
2024-06-01 01:00:04.519,252.536031,273.31018
2024-06-01 01:00:05.031,252.536031,257.12323
2024-06-01 01:00:05.543,252.536031,255.76593
2024-06-01 01:01:11.591,252.536031,264.23642
2024-06-01 01:01:12.103,221.317431,254.35742
2024-06-01 01:01:12.615,221.317431,228.38385
2024-06-01 01:01:13.127,221.317431,224.46213
2024-06-01 01:01:13.639,221.317431,228.14333
2024-06-01 01:01:14.151,252.536031,228.82043
2024-06-01 01:01:14.663,252.536031,251.99812
2024-06-01 01:01:15.175,252.536031,256.71924
2024-06-01 01:01:15.687,252.536031,252.31992
2024-06-01 01:01:16.199,231.723631,247.52185
2024-06-01 01:01:16.711,231.723631,232.85168
2024-06-01 01:01:17.223,231.723631,232.06854
2024-06-01 01:01:17.735,231.723631,233.9403
2024-06-01 01:01:18.247,252.536031,237.01492
2024-06-01 01:01:18.759,252.536031,253.0227
2024-06-01 01:01:19.271,252.536031,254.12787
2024-06-01 01:01:19.783,252.536031,251.63599
2024-06-01 01:01:20.295,231.723631,249.53488
2024-06-01 01:01:20.807,231.723631,234.39471
2024-06-01 01:01:21.319,231.723631,232.55066
2024-06-01 01:01:21.831,231.723631,234.49413
2024-06-01 01:01:22.343,231.723631,234.18625
2024-06-01 01:01:22.855,231.723631,233.18689
2024-06-01 01:01:23.367,231.723631,233.59747
2024-06-01 01:01:23.879,231.723631,233.7869
2024-06-01 01:01:24.391,252.536031,235.87196
2024-06-01 01:01:24.903,252.536031,253.01471
2024-06-01 01:01:25.415,252.536031,251.30692
2024-06-01 01:01:25.926,252.536031,248.87796
2024-06-01 01:01:26.438,252.536031,251.11766
2024-06-01 01:01:26.950,252.536031,252.6907
2024-06-01 01:01:27.462,252.536031,254.40115
2024-06-01 01:02:33.510,252.536031,257.21286
2024-06-01 01:02:34.022,252.536031,248.83916
2024-06-01 01:02:34.534,252.536031,248.96689
2024-06-01 01:02:35.046,252.536031,254.1128
2024-06-01 01:02:35.558,252.536031,254.01712
2024-06-01 01:02:36.070,242.129831,252.3048
2024-06-01 01:02:36.582,242.129831,243.06909
2024-06-01 01:02:37.094,242.129831,239.37323
2024-06-01 01:02:37.606,242.129831,241.54852
2024-06-01 01:02:38.118,242.129831,245.6124
2024-06-01 01:02:38.630,242.129831,244.06177
2024-06-01 01:02:39.142,242.129831,246.32019
2024-06-01 01:02:39.654,242.129831,245.82701
2024-06-01 01:02:40.166,231.723631,240.75848
2024-06-01 01:02:40.678,231.723631,232.85645
2024-06-01 01:02:41.190,231.723631,234.48024
2024-06-01 01:02:41.702,231.723631,235.75754
2024-06-01 01:02:42.214,252.536031,233.35196
2024-06-01 01:02:42.726,252.536031,250.2839
2024-06-01 01:02:43.238,252.536031,254.43503
2024-06-01 01:02:43.750,252.536031,251.57266
2024-06-01 01:02:44.262,242.129831,247.61188
2024-06-01 01:02:44.774,242.129831,241.0213
2024-06-01 01:02:45.286,242.129831,243.10855
2024-06-01 01:02:45.798,242.129831,243.91644
2024-06-01 01:02:46.310,252.536031,244.49048
2024-06-01 01:02:46.822,252.536031,252.19223
2024-06-01 01:02:47.334,252.536031,253.14163
2024-06-01 01:02:47.846,252.536031,251.7533
2024-06-01 01:02:48.358,242.129831,251.19128
2024-06-01 01:02:48.870,242.129831,243.39835
2024-06-01 01:02:49.382,242.129831,245.47498
2024-06-01 01:03:55.429,242.129831,244.9779
2024-06-01 01:03:55.941,252.536031,241.92737
2024-06-01 01:03:56.453,252.536031,250.57431
2024-06-01 01:03:56.965,252.536031,254.55383
2024-06-01 01:03:57.477,252.536031,253.2832
2024-06-01 01:03:57.989,242.129831,249.68597
2024-06-01 01:03:58.501,242.129831,242.00552
2024-06-01 01:03:59.013,242.129831,241.09738
2024-06-01 01:03:59.525,242.129831,242.68182
2024-06-01 01:04:00.037,242.129831,246.40248
2024-06-01 01:04:00.549,242.129831,244.87454
2024-06-01 01:04:01.061,242.129831,247.32898
2024-06-01 01:04:01.573,242.129831,246.95381
2024-06-01 01:04:02.085,262.942232,243.73282
2024-06-01 01:04:02.597,262.942232,261.9968
2024-06-01 01:04:03.109,262.942232,271.28357
2024-06-01 01:04:03.621,262.942232,267.71268
2024-06-01 01:04:04.133,273.348432,259.10004
2024-06-01 01:04:04.645,273.348432,269.99988
2024-06-01 01:04:05.157,273.348432,275.71332
2024-06-01 01:04:05.669,273.348432,274.23236
2024-06-01 01:04:06.181,262.942232,273.06006
2024-06-01 01:04:06.693,262.942232,264.5157
2024-06-01 01:04:07.205,262.942232,265.24005
2024-06-01 01:04:07.717,262.942232,266.7066
2024-06-01 01:04:08.229,273.348432,267.02264
2024-06-01 01:04:08.741,273.348432,275.22552
2024-06-01 01:04:09.253,273.348432,272.97632
2024-06-01 01:04:09.765,273.348432,271.86786
2024-06-01 01:04:10.277,283.754632,274.1977
2024-06-01 01:04:10.789,283.754632,284.53278
2024-06-01 01:04:11.301,283.754632,284.53015
2024-06-01 01:05:17.348,283.754632,278.38855
2024-06-01 01:05:17.860,377.410434,291.0885
2024-06-01 01:05:18.372,376.751342,390.84167
2024-06-01 01:05:18.884,376.751342,378.73596
2024-06-01 01:05:19.396,376.751342,357.91602
2024-06-01 01:05:19.908,304.035151,352.1104
2024-06-01 01:05:20.420,304.035151,302.40634
2024-06-01 01:05:20.932,304.035151,297.99646
2024-06-01 01:05:21.444,304.035151,303.22034
2024-06-01 01:05:21.956,293.647124,305.33957
2024-06-01 01:05:22.468,293.647124,294.6789
2024-06-01 01:05:22.980,293.647124,295.97382
2024-06-01 01:05:23.492,293.647124,297.73322
2024-06-01 01:05:24.004,304.035151,295.0716
2024-06-01 01:05:24.516,304.035151,302.7415
2024-06-01 01:05:25.028,304.035151,306.22424
2024-06-01 01:05:25.540,304.035151,305.73444
2024-06-01 01:05:26.052,314.423178,312.86633
2024-06-01 01:05:26.564,314.423178,322.0718
2024-06-01 01:05:27.076,314.423178,313.23456
2024-06-01 01:05:27.588,314.423178,310.91327
2024-06-01 01:05:28.100,304.035151,314.84235
2024-06-01 01:05:28.612,304.035151,307.70306
2024-06-01 01:05:29.124,304.035151,301.94983
2024-06-01 01:05:29.636,304.035151,301.69717
2024-06-01 01:05:30.148,304.035151,304.39886
2024-06-01 01:05:30.660,304.035151,305.25525
2024-06-01 01:05:31.172,304.035151,305.9964
2024-06-01 01:05:31.684,304.035151,305.38446
2024-06-01 01:05:32.196,314.423178,303.5262
2024-06-01 01:05:32.708,314.423178,312.73578
2024-06-01 01:05:33.220,314.423178,318.279
2024-06-01 01:06:39.267,314.423178,313.35092
2024-06-01 01:06:39.779,314.423178,313.70087
2024-06-01 01:06:40.291,314.423178,313.93225
2024-06-01 01:06:40.803,314.423178,312.02817
2024-06-01 01:06:41.315,314.423178,311.74554
2024-06-01 01:06:41.827,345.58726,320.68826
2024-06-01 01:06:42.339,345.58726,349.49542
2024-06-01 01:06:42.851,345.58726,344.81268
2024-06-01 01:06:43.363,345.58726,339.77097
2024-06-01 01:06:43.875,324.811206,337.39935
2024-06-01 01:06:44.387,324.242978,322.50574
2024-06-01 01:06:44.899,324.242978,324.17938
2024-06-01 01:06:45.411,324.242978,326.19702
2024-06-01 01:06:45.923,334.612833,324.13037
2024-06-01 01:06:46.435,334.612833,332.25128
2024-06-01 01:06:46.947,334.612833,334.35825
2024-06-01 01:06:47.459,334.612833,333.4306
2024-06-01 01:06:47.971,334.612833,333.61276
2024-06-01 01:06:48.483,334.612833,333.56378
2024-06-01 01:06:48.995,334.612833,333.25
2024-06-01 01:06:49.507,334.612833,333.30273
2024-06-01 01:06:50.019,324.242978,333.34372
2024-06-01 01:06:50.531,324.811206,324.6151
2024-06-01 01:06:51.043,324.811206,325.08826
2024-06-01 01:06:51.555,324.811206,326.36237
2024-06-01 01:06:52.067,345.58726,324.0509
2024-06-01 01:06:52.579,344.982687,341.3988
2024-06-01 01:06:53.091,344.982687,345.693
2024-06-01 01:06:53.603,344.982687,343.2609
2024-06-01 01:06:54.115,324.242978,338.8781
2024-06-01 01:06:54.627,324.242978,321.96265
2024-06-01 01:06:55.139,324.242978,322.3371
2024-06-01 01:08:01.186,324.242978,323.17706
2024-06-01 01:08:01.698,313.873124,323.4705
2024-06-01 01:08:02.210,313.873124,314.12753
2024-06-01 01:08:02.722,313.873124,315.9739
2024-06-01 01:08:03.234,313.873124,317.80542
2024-06-01 01:08:03.746,324.242978,317.8807
2024-06-01 01:08:04.258,324.242978,325.54532
2024-06-01 01:08:04.770,324.242978,327.8542
2024-06-01 01:08:05.282,324.242978,327.23584
2024-06-01 01:08:05.794,324.242978,323.26855
2024-06-01 01:08:06.306,324.242978,322.68414
2024-06-01 01:08:06.818,324.242978,325.12872
2024-06-01 01:08:07.330,324.242978,325.90198
2024-06-01 01:08:07.842,324.242978,325.22806
2024-06-01 01:08:08.354,324.242978,324.91852
2024-06-01 01:08:08.866,324.242978,321.68942
2024-06-01 01:08:09.378,324.242978,321.41058
2024-06-01 01:08:09.890,344.982687,328.01932
2024-06-01 01:08:10.402,344.982687,346.7887
2024-06-01 01:08:10.914,344.982687,344.42252
2024-06-01 01:08:11.426,344.982687,340.81213
2024-06-01 01:08:11.938,324.242978,339.93658
2024-06-01 01:08:12.450,324.242978,324.44727
2024-06-01 01:08:12.962,324.242978,321.44092
2024-06-01 01:08:13.474,324.242978,322.8272
2024-06-01 01:08:13.986,324.242978,325.12518
2024-06-01 01:08:14.498,324.242978,325.39935
2024-06-01 01:08:15.010,324.242978,325.04715
2024-06-01 01:08:15.522,324.242978,324.80414
2024-06-01 01:08:16.034,313.873124,324.84625
2024-06-01 01:08:16.546,313.873124,316.2413
2024-06-01 01:08:17.058,313.873124,313.49057
2024-06-01 01:09:23.105,313.873124,314.7739
2024-06-01 01:09:23.617,324.242978,315.61115
2024-06-01 01:09:24.129,324.242978,324.3051
2024-06-01 01:09:24.641,324.242978,326.41513
2024-06-01 01:09:25.153,324.242978,325.12372
2024-06-01 01:09:25.665,324.242978,323.6609
2024-06-01 01:09:26.177,324.242978,323.7477
2024-06-01 01:09:26.689,324.242978,325.439
2024-06-01 01:09:27.201,324.242978,325.49396
2024-06-01 01:09:27.713,324.242978,324.91296
2024-06-01 01:09:28.225,324.242978,324.72775
2024-06-01 01:09:28.737,324.242978,325.04428
2024-06-01 01:09:29.249,324.242978,325.21405
2024-06-01 01:09:29.761,324.242978,323.84412
2024-06-01 01:09:30.273,324.242978,323.66354
2024-06-01 01:09:30.785,324.242978,324.10828
2024-06-01 01:09:31.297,324.242978,324.38663
2024-06-01 01:09:31.809,344.982687,324.26614
2024-06-01 01:09:32.321,344.982687,342.12177
2024-06-01 01:09:32.833,344.982687,343.87946
2024-06-01 01:09:33.345,344.982687,341.16675
2024-06-01 01:09:33.857,313.873124,337.84778
2024-06-01 01:09:34.369,313.873124,313.3586
2024-06-01 01:09:34.881,313.873124,311.86694
2024-06-01 01:09:35.393,313.873124,315.3951
2024-06-01 01:09:35.905,334.612833,317.64832
2024-06-01 01:09:36.417,334.612833,334.6545
2024-06-01 01:09:36.929,334.612833,334.84213
2024-06-01 01:09:37.441,334.612833,332.06055
2024-06-01 01:09:37.953,324.242978,331.8728
2024-06-01 01:09:38.465,324.242978,323.86282
2024-06-01 01:09:38.977,324.242978,322.45364
2024-06-01 01:10:45.024,324.242978,323.4111
2024-06-01 01:10:45.536,313.873124,323.12155
2024-06-01 01:10:46.048,313.323069,314.48346
2024-06-01 01:10:46.560,313.323069,316.21826
2024-06-01 01:10:47.072,313.323069,317.7597
2024-06-01 01:10:47.584,323.674751,316.48102
2024-06-01 01:10:48.096,324.242978,324.2764
2024-06-01 01:10:48.608,324.242978,325.61707
2024-06-01 01:10:49.120,324.242978,324.76898
2024-06-01 01:10:49.632,334.612833,326.53302
2024-06-01 01:10:50.144,334.612833,335.51907
2024-06-01 01:10:50.656,334.612833,334.20166
2024-06-01 01:10:51.168,334.612833,332.75604
2024-06-01 01:10:51.680,344.982687,332.42422
2024-06-01 01:10:52.192,344.982687,341.90314
2024-06-01 01:10:52.704,344.982687,343.0681
2024-06-01 01:10:53.216,344.982687,341.64862
2024-06-01 01:10:53.728,324.242978,338.13947
2024-06-01 01:10:54.240,324.242978,321.76315
2024-06-01 01:10:54.752,324.242978,321.82227
2024-06-01 01:10:55.264,324.242978,324.52167
2024-06-01 01:10:55.776,324.242978,325.78394
2024-06-01 01:10:56.288,324.242978,324.9652
2024-06-01 01:10:56.800,324.242978,324.65353
2024-06-01 01:10:57.312,324.242978,324.74133
2024-06-01 01:10:57.824,313.873124,324.7422
2024-06-01 01:10:58.336,313.873124,315.83234
2024-06-01 01:10:58.848,313.873124,313.1181
2024-06-01 01:10:59.360,313.873124,314.08353
2024-06-01 01:10:59.872,313.873124,316.7876
2024-06-01 01:11:00.384,313.873124,316.8693
2024-06-01 01:11:00.896,313.873124,317.39658
2024-06-01 01:12:06.944,313.873124,317.24765
2024-06-01 01:12:07.456,313.873124,314.38657
2024-06-01 01:12:07.968,313.323069,313.88354
2024-06-01 01:12:08.480,313.323069,314.60895
2024-06-01 01:12:08.992,313.323069,314.93164
2024-06-01 01:12:09.504,323.674751,314.69684
2024-06-01 01:12:10.016,323.674751,323.3371
2024-06-01 01:12:10.528,323.674751,325.9616
2024-06-01 01:12:11.040,323.674751,324.93222
2024-06-01 01:12:11.552,334.026432,326.37115
2024-06-01 01:12:12.064,334.026432,335.32886
2024-06-01 01:12:12.575,334.026432,335.72784
2024-06-01 01:12:13.087,334.026432,334.15674
2024-06-01 01:12:13.599,334.026432,333.36224
2024-06-01 01:12:14.111,334.026432,333.86084
2024-06-01 01:12:14.623,334.026432,332.91577
2024-06-01 01:12:15.135,334.026432,332.8423
2024-06-01 01:12:15.647,323.674751,331.9505
2024-06-01 01:12:16.159,323.674751,323.7881
2024-06-01 01:12:16.671,323.674751,321.8729
2024-06-01 01:12:17.183,323.674751,322.9328
2024-06-01 01:12:17.695,323.674751,324.19586
2024-06-01 01:12:18.207,323.674751,324.06732
2024-06-01 01:12:18.719,323.674751,324.95404
2024-06-01 01:12:19.231,323.674751,324.9064
2024-06-01 01:12:19.743,323.674751,325.90097
2024-06-01 01:12:20.255,323.674751,325.6892
2024-06-01 01:12:20.767,323.674751,323.79602
2024-06-01 01:12:21.279,323.674751,323.46124
2024-06-01 01:12:21.791,334.026432,325.39905
2024-06-01 01:12:22.303,334.026432,334.5635
2024-06-01 01:12:22.815,334.026432,336.46054
2024-06-01 01:13:28.863,334.026432,334.96722
2024-06-01 01:13:29.375,271.916343,326.7177
2024-06-01 01:13:29.887,272.393706,279.78882
2024-06-01 01:13:30.399,272.393706,271.29102
2024-06-01 01:13:30.911,272.393706,275.98737
2024-06-01 01:13:31.423,282.76356,280.49835
2024-06-01 01:13:31.935,282.268025,288.10376
2024-06-01 01:13:32.447,282.268025,289.43625
2024-06-01 01:13:32.959,282.268025,288.37918
2024-06-01 01:13:33.471,292.619706,286.95596
2024-06-01 01:13:33.983,292.619706,294.77167
2024-06-01 01:13:34.495,292.619706,297.90063
2024-06-01 01:13:35.007,292.619706,296.91565
2024-06-01 01:13:35.519,302.971388,294.92868
2024-06-01 01:13:36.031,303.503269,303.55286
2024-06-01 01:13:36.543,303.503269,303.15668
2024-06-01 01:13:37.055,303.503269,302.01782
2024-06-01 01:13:37.567,272.393706,300.70712
2024-06-01 01:13:38.079,271.916343,276.61993
2024-06-01 01:13:38.591,271.916343,272.84576
2024-06-01 01:13:39.103,271.916343,275.75128
2024-06-01 01:13:39.615,282.268025,278.13867
2024-06-01 01:13:40.127,282.76356,286.14954
2024-06-01 01:13:40.639,282.76356,286.86096
2024-06-01 01:13:41.151,282.76356,285.45804
2024-06-01 01:13:41.663,282.76356,284.59515
2024-06-01 01:13:42.175,282.76356,284.51
2024-06-01 01:13:42.687,282.76356,285.3506
2024-06-01 01:13:43.199,282.76356,285.5219
2024-06-01 01:13:43.711,282.76356,287.57007
2024-06-01 01:13:44.223,282.268025,287.8743
2024-06-01 01:13:44.735,282.268025,287.30438
2024-06-01 01:13:57.022,282.268025,290.94275
2024-06-01 01:13:57.534,282.268025,287.1715
2024-06-01 01:13:58.046,251.21298,280.32465
2024-06-01 01:13:58.558,251.653997,255.00743
2024-06-01 01:13:59.070,251.653997,252.95184
2024-06-01 01:13:59.582,251.653997,256.38855
2024-06-01 01:14:00.094,241.284143,258.94516
2024-06-01 01:14:00.606,241.284143,248.76825
2024-06-01 01:14:01.118,241.284143,244.79254
2024-06-01 01:14:01.630,241.284143,245.88077
2024-06-01 01:14:02.142,251.653997,247.24677
2024-06-01 01:14:02.654,251.653997,254.46822
2024-06-01 01:14:03.166,251.653997,253.498
2024-06-01 01:14:03.678,251.653997,252.37424
2024-06-01 01:14:04.190,262.023852,253.66275
2024-06-01 01:14:04.702,262.023852,263.1646
2024-06-01 01:14:05.214,262.023852,265.165
2024-06-01 01:14:05.726,262.023852,263.52634
2024-06-01 01:14:06.238,262.023852,262.42334
2024-06-01 01:14:06.750,262.023852,263.1205
2024-06-01 01:14:07.262,262.023852,262.53442
2024-06-01 01:14:07.774,262.023852,262.34912
2024-06-01 01:14:08.286,241.284143,264.0808
2024-06-01 01:14:08.798,241.284143,247.51178
2024-06-01 01:14:09.310,241.284143,243.78278
2024-06-01 01:14:09.822,241.284143,245.69516
2024-06-01 01:14:10.334,251.653997,246.36691
2024-06-01 01:14:10.846,251.653997,253.95712
2024-06-01 01:14:11.358,251.653997,254.02435
2024-06-01 01:14:11.870,251.653997,252.94603
2024-06-01 01:14:12.382,241.284143,252.68433
2024-06-01 01:14:12.894,241.284143,244.76697
2024-06-01 01:14:13.406,241.284143,244.21034
2024-06-01 01:14:13.918,241.284143,245.15076
2024-06-01 01:14:14.430,262.023852,246.44269
2024-06-01 01:14:14.942,262.023852,263.47256
2024-06-01 01:14:15.454,262.023852,267.3989
2024-06-01 01:14:15.966,262.023852,264.78064
2024-06-01 01:14:16.478,251.653997,261.28564
2024-06-01 01:14:16.990,251.653997,253.87865
2024-06-01 01:14:17.502,251.653997,253.87476
2024-06-01 01:14:18.014,251.653997,258.87375
2024-06-01 01:14:18.526,272.393706,253.96779
2024-06-01 01:14:19.038,272.393706,270.70007
2024-06-01 01:14:19.550,272.393706,274.71173
2024-06-01 01:14:20.062,272.393706,272.21088
2024-06-01 01:14:20.574,272.393706,269.4171
2024-06-01 01:14:21.086,272.393706,270.7232
2024-06-01 01:14:21.598,272.393706,278.89166
2024-06-01 01:14:22.110,272.393706,277.82727
2024-06-01 01:14:22.622,251.653997,268.93356
2024-06-01 01:14:23.134,251.653997,251.52582
2024-06-01 01:14:23.646,251.653997,252.72339
2024-06-01 01:14:24.158,251.653997,255.93854
2024-06-01 01:14:24.670,262.023852,258.78403
2024-06-01 01:14:25.182,261.564662,265.62848
2024-06-01 01:14:25.694,261.564662,267.1809
2024-06-01 01:14:26.206,261.564662,266.5005
2024-06-01 01:14:26.718,261.564662,260.8852
2024-06-01 01:14:27.230,262.023852,261.4655
2024-06-01 01:14:27.742,262.023852,262.53064
2024-06-01 01:14:28.254,262.023852,262.64835
2024-06-01 01:14:28.766,272.393706,261.9878
2024-06-01 01:14:29.278,271.916343,271.1106
2024-06-01 01:14:29.790,271.916343,286.8659
2024-06-01 01:14:30.302,271.916343,284.16504
2024-06-01 01:14:30.814,282.268025,270.7378
2024-06-01 01:14:31.326,282.268025,279.7232
2024-06-01 01:14:31.838,282.268025,285.91144
2024-06-01 01:14:32.350,282.268025,285.32465
2024-06-01 01:14:32.862,271.916343,283.6436
2024-06-01 01:14:33.374,271.916343,274.6211
2024-06-01 01:14:33.886,271.916343,273.55258
2024-06-01 01:14:34.398,271.916343,273.78674
2024-06-01 01:14:34.910,292.619706,278.28278
2024-06-01 01:14:35.422,292.619706,296.68146
2024-06-01 01:14:35.934,292.619706,297.91315
2024-06-01 01:14:36.446,292.619706,294.35703
2024-06-01 01:14:36.958,282.268025,289.58936
2024-06-01 01:14:37.470,282.268025,282.20728
2024-06-01 01:14:37.982,282.268025,289.58972
2024-06-01 01:14:38.494,282.268025,291.2387
2024-06-01 01:14:39.006,282.268025,282.236
2024-06-01 01:14:39.518,282.268025,280.53073
2024-06-01 01:14:40.030,282.268025,284.35986
2024-06-01 01:14:40.542,282.268025,285.75336
2024-06-01 01:14:41.054,282.268025,284.02393
2024-06-01 01:14:41.566,282.268025,282.8706
2024-06-01 01:14:42.078,282.268025,285.19852
2024-06-01 01:14:42.590,282.268025,286.0072
2024-06-01 01:14:43.102,282.268025,283.49023
2024-06-01 01:14:43.614,282.268025,282.84186
2024-06-01 01:14:44.126,282.268025,282.34097
2024-06-01 01:14:44.638,282.268025,282.5996
2024-06-01 01:14:45.150,292.619706,286.02832
2024-06-01 01:14:45.662,292.619706,295.28885
2024-06-01 01:14:46.174,292.619706,300.79794
2024-06-01 01:14:46.686,292.619706,298.77313
2024-06-01 01:14:47.198,282.268025,289.55933
2024-06-01 01:14:47.710,282.268025,280.89038
2024-06-01 01:14:48.222,282.268025,282.98938
2024-06-01 01:14:48.734,282.268025,284.9377
2024-06-01 01:14:49.246,282.268025,284.23813
2024-06-01 01:14:49.758,282.76356,283.16684
2024-06-01 01:14:50.270,282.76356,283.5995
2024-06-01 01:14:50.782,282.76356,281.88217
2024-06-01 01:14:51.294,282.76356,285.94684
2024-06-01 01:14:51.806,282.268025,285.94095
2024-06-01 01:14:52.318,282.268025,282.3529
2024-06-01 01:14:52.830,282.268025,281.69623
2024-06-01 01:14:53.342,271.916343,284.5664
2024-06-01 01:14:53.854,271.916343,276.48145
2024-06-01 01:14:54.366,271.916343,273.96448
2024-06-01 01:14:54.878,271.916343,274.7835
2024-06-01 01:14:55.390,292.619706,276.27856
2024-06-01 01:14:55.902,292.619706,294.3454
2024-06-01 01:14:56.414,292.619706,303.66312
2024-06-01 01:14:56.926,292.619706,300.3919
2024-06-01 01:14:57.438,282.268025,289.8563
2024-06-01 01:14:57.950,282.268025,281.09735
2024-06-01 01:14:58.462,282.268025,284.72293
2024-06-01 01:14:58.974,282.268025,286.95648
2024-06-01 01:14:59.486,282.268025,284.46405
2024-06-01 01:14:59.998,282.268025,283.1908
2024-06-01 01:15:00.510,282.268025,283.11755
2024-06-01 01:15:01.022,282.268025,283.96613
2024-06-01 01:15:01.534,271.916343,285.5281
2024-06-01 01:15:02.046,271.916343,276.3335
2024-06-01 01:15:02.558,271.916343,274.10284
2024-06-01 01:15:03.070,271.916343,275.18155
2024-06-01 01:15:03.582,282.268025,275.07562
2024-06-01 01:15:04.094,282.268025,283.4524
2024-06-01 01:15:04.606,282.268025,286.34024
2024-06-01 01:15:05.118,282.268025,285.0777
2024-06-01 01:15:05.630,292.619706,284.8545
2024-06-01 01:15:06.142,292.619706,294.3035
2024-06-01 01:15:06.654,292.619706,302.94348
2024-06-01 01:15:07.166,292.619706,301.59894
2024-06-01 01:15:07.678,271.916343,291.82138
2024-06-01 01:15:08.190,271.916343,274.3131
2024-06-01 01:15:08.702,271.916343,273.22607
2024-06-01 01:15:09.214,271.916343,275.91608
2024-06-01 01:15:09.726,271.916343,276.88593
2024-06-01 01:15:10.238,271.916343,275.87558
2024-06-01 01:15:10.750,271.916343,275.66684
2024-06-01 01:15:11.262,271.916343,276.26648
2024-06-01 01:15:11.774,282.268025,275.0671
2024-06-01 01:15:12.286,282.268025,283.3236
2024-06-01 01:15:12.798,282.268025,287.95746
2024-06-01 01:15:13.310,282.268025,286.7359
2024-06-01 01:15:13.822,282.268025,284.27438
2024-06-01 01:15:14.334,282.268025,284.35663
2024-06-01 01:15:14.846,282.268025,285.42276
2024-06-01 01:15:15.358,282.268025,285.63556
2024-06-01 01:15:15.870,313.323069,288.38043
2024-06-01 01:15:16.382,313.323069,316.43292
2024-06-01 01:15:16.894,313.323069,318.77277
2024-06-01 01:15:17.405,313.323069,313.98987
2024-06-01 01:15:17.917,282.268025,306.81616
2024-06-01 01:15:18.429,282.268025,282.94952
2024-06-01 01:15:18.941,282.268025,282.2572
2024-06-01 01:15:19.453,282.268025,285.8018
2024-06-01 01:15:19.965,313.323069,284.59885
2024-06-01 01:15:20.477,313.323069,310.87347
2024-06-01 01:15:20.989,313.323069,317.3838
2024-06-01 01:15:21.501,313.323069,312.98557
2024-06-01 01:15:22.013,271.916343,308.54306
2024-06-01 01:15:22.525,271.916343,275.20258
2024-06-01 01:15:23.037,271.916343,270.86166
2024-06-01 01:15:23.549,271.916343,275.1267
2024-06-01 01:15:24.061,282.268025,279.55176
2024-06-01 01:15:24.573,282.268025,287.01205
2024-06-01 01:15:25.085,282.268025,285.422
2024-06-01 01:15:25.597,282.268025,284.1734
2024-06-01 01:15:26.109,302.971388,289.0445
2024-06-01 01:15:26.621,302.971388,308.5199
2024-06-01 01:15:27.133,302.971388,308.29462
2024-06-01 01:15:27.645,302.971388,304.63297
2024-06-01 01:15:28.157,302.971388,296.58292
2024-06-01 01:15:28.669,302.971388,297.32202
2024-06-01 01:15:29.181,302.971388,303.25827
2024-06-01 01:15:29.693,302.971388,303.8286
2024-06-01 01:15:30.205,282.268025,303.05823
2024-06-01 01:15:30.717,282.268025,285.07086
2024-06-01 01:15:31.229,282.268025,282.77063
2024-06-01 01:15:31.741,282.268025,285.61755
2024-06-01 01:15:32.253,282.268025,287.48193
2024-06-01 01:15:32.765,282.268025,286.08966
2024-06-01 01:15:33.277,282.268025,283.9027
2024-06-01 01:15:33.789,282.268025,284.02856
2024-06-01 01:15:34.301,292.619706,284.84366
2024-06-01 01:15:34.813,292.619706,294.01755
2024-06-01 01:15:35.325,292.619706,299.75082
2024-06-01 01:15:35.837,292.619706,298.32684
2024-06-01 01:15:36.349,323.674751,297.17523
2024-06-01 01:15:36.861,323.674751,325.404
2024-06-01 01:15:37.373,323.674751,331.0466
2024-06-01 01:15:37.885,323.674751,326.16553
2024-06-01 01:15:38.397,302.971388,317.28473
2024-06-01 01:15:38.909,302.971388,301.12567
2024-06-01 01:15:39.421,302.971388,302.8454
2024-06-01 01:15:39.933,302.971388,305.9694
2024-06-01 01:15:40.445,302.971388,305.01178
2024-06-01 01:15:40.957,302.971388,303.76013
2024-06-01 01:15:41.469,302.971388,305.79974
2024-06-01 01:15:41.981,302.971388,306.57513
2024-06-01 01:15:42.493,313.323069,305.93
2024-06-01 01:15:43.005,313.323069,314.30933
2024-06-01 01:15:43.517,313.323069,315.52768
2024-06-01 01:15:44.029,313.323069,314.41565
2024-06-01 01:15:44.541,302.971388,311.68475
2024-06-01 01:15:45.053,302.971388,303.07388
2024-06-01 01:15:45.565,302.971388,302.7453
2024-06-01 01:15:46.077,302.971388,304.2218
2024-06-01 01:15:46.589,323.674751,309.95306
2024-06-01 01:15:47.101,323.674751,328.42383
2024-06-01 01:15:47.613,323.674751,324.8006
2024-06-01 01:15:48.125,323.674751,321.2671
2024-06-01 01:15:48.637,302.971388,320.97968
2024-06-01 01:15:49.149,302.971388,305.10748
2024-06-01 01:15:49.661,302.971388,302.67804
2024-06-01 01:15:50.173,302.971388,304.41278
2024-06-01 01:15:50.685,302.971388,306.41245
2024-06-01 01:15:51.197,302.971388,306.13287
2024-06-01 01:15:51.709,302.971388,305.56476
2024-06-01 01:15:52.221,302.971388,305.4511
2024-06-01 01:15:52.733,302.971388,304.20862
2024-06-01 01:15:53.245,302.971388,304.03577
2024-06-01 01:15:53.757,302.971388,304.30786
2024-06-01 01:15:54.269,302.971388,304.50153
2024-06-01 01:15:54.781,302.971388,304.2997
2024-06-01 01:15:55.293,302.971388,304.18307
2024-06-01 01:15:55.805,302.971388,305.8326
2024-06-01 01:15:56.317,302.971388,303.7342
2024-06-01 01:15:56.829,344.378114,310.15314
2024-06-01 01:15:57.341,344.378114,347.99823
2024-06-01 01:15:57.853,344.378114,345.23743
2024-06-01 01:15:58.365,344.378114,338.82825
2024-06-01 01:15:58.877,313.323069,335.0534
2024-06-01 01:15:59.389,313.323069,312.3538
2024-06-01 01:15:59.901,313.323069,309.12494
2024-06-01 01:16:00.413,313.323069,311.7963
2024-06-01 01:16:00.925,302.971388,313.56573
2024-06-01 01:16:01.437,302.971388,304.7328
2024-06-01 01:16:01.949,302.971388,304.5236
2024-06-01 01:16:02.461,302.971388,305.86237
2024-06-01 01:16:02.973,302.971388,306.46533
2024-06-01 01:16:03.485,302.971388,305.62592
2024-06-01 01:16:03.997,302.971388,304.9365
2024-06-01 01:16:04.509,302.971388,304.99384
2024-06-01 01:16:05.021,292.619706,304.98334
2024-06-01 01:16:05.533,292.619706,296.20685
2024-06-01 01:16:06.045,292.619706,296.03735
2024-06-01 01:16:06.557,292.619706,297.4362
2024-06-01 01:16:07.069,344.378114,302.61377
2024-06-01 01:16:07.581,344.378114,349.91675
2024-06-01 01:16:08.093,344.378114,345.90277
2024-06-01 01:16:08.605,344.378114,338.12714
2024-06-01 01:16:09.117,302.971388,332.5521
2024-06-01 01:16:09.629,302.971388,302.2041
2024-06-01 01:16:10.141,302.971388,298.89246
2024-06-01 01:16:10.653,302.971388,302.60272
2024-06-01 01:16:11.165,302.971388,308.56714
2024-06-01 01:16:11.677,302.971388,308.3263
2024-06-01 01:16:12.189,302.971388,306.7649
2024-06-01 01:16:12.701,302.971388,306.11786
2024-06-01 01:16:13.213,292.619706,305.3642
2024-06-01 01:16:13.725,292.619706,296.43576
2024-06-01 01:16:14.237,292.619706,296.0904
2024-06-01 01:16:14.749,292.619706,297.445
2024-06-01 01:16:15.261,313.323069,297.8758
2024-06-01 01:16:15.773,313.323069,315.27814
2024-06-01 01:16:16.285,313.323069,316.01413
2024-06-01 01:16:16.797,313.323069,313.4761
2024-06-01 01:16:17.309,344.378114,316.4345
2024-06-01 01:16:17.821,344.378114,345.34454
2024-06-01 01:16:18.333,344.378114,339.74548
2024-06-01 01:16:18.845,344.378114,335.232
2024-06-01 01:16:19.357,302.971388,336.09976
2024-06-01 01:16:19.869,302.971388,304.75464
2024-06-01 01:16:20.381,302.971388,300.9915
2024-06-01 01:16:20.893,302.971388,304.5199
2024-06-01 01:16:21.405,313.323069,308.08713
2024-06-01 01:16:21.917,313.323069,316.43457
2024-06-01 01:16:22.429,313.323069,316.8397
2024-06-01 01:16:22.941,313.323069,315.04654
2024-06-01 01:16:23.453,302.971388,314.22534
2024-06-01 01:16:23.965,302.971388,305.8042
2024-06-01 01:16:24.477,302.971388,303.07452
2024-06-01 01:16:24.989,302.971388,304.03552
2024-06-01 01:16:25.501,313.323069,305.35645
2024-06-01 01:16:26.013,313.323069,314.17517
2024-06-01 01:16:26.525,313.323069,313.6978
2024-06-01 01:16:27.037,313.323069,312.20853
2024-06-01 01:16:27.549,344.378114,321.47656
2024-06-01 01:16:28.061,344.378114,350.85278
2024-06-01 01:16:28.573,344.378114,342.00732
2024-06-01 01:16:29.085,344.378114,336.48132
2024-06-01 01:16:29.597,313.323069,336.57565
2024-06-01 01:16:30.109,313.323069,313.81467
2024-06-01 01:16:30.621,313.323069,311.86224
2024-06-01 01:16:31.133,313.323069,314.37805
2024-06-01 01:16:31.645,302.971388,315.55914
2024-06-01 01:16:32.157,302.971388,306.68884
2024-06-01 01:16:32.669,302.971388,304.05203
2024-06-01 01:16:33.181,302.971388,304.86005
2024-06-01 01:16:33.693,302.971388,306.3146
2024-06-01 01:16:34.205,302.971388,305.87958
2024-06-01 01:16:34.717,302.971388,303.7185
2024-06-01 01:16:35.229,302.971388,303.6012
2024-06-01 01:16:35.741,302.971388,305.4711
2024-06-01 01:16:36.253,302.971388,305.6973
2024-06-01 01:16:36.765,302.971388,306.2689
2024-06-01 01:16:37.277,302.971388,306.0282
2024-06-01 01:16:37.789,354.729795,312.27466
2024-06-01 01:16:38.301,354.729795,360.56665
2024-06-01 01:16:38.813,354.729795,354.84253
2024-06-01 01:16:39.325,354.729795,346.78168
2024-06-01 01:16:39.837,302.971388,342.69373
2024-06-01 01:16:40.349,302.971388,305.01825
2024-06-01 01:16:40.861,302.971388,299.061
2024-06-01 01:16:41.373,302.971388,302.72034
2024-06-01 01:16:41.885,302.971388,307.28705
2024-06-01 01:16:42.397,302.971388,307.11563
2024-06-01 01:16:42.909,302.971388,305.06195
2024-06-01 01:16:43.421,302.971388,304.4071
2024-06-01 01:16:43.933,302.971388,306.40244
2024-06-01 01:16:44.445,302.971388,306.39508
2024-06-01 01:16:44.957,302.971388,304.86267
2024-06-01 01:16:45.469,302.971388,304.4845
2024-06-01 01:16:45.981,313.323069,306.09933
2024-06-01 01:16:46.493,313.323069,315.2979
2024-06-01 01:16:47.005,313.323069,315.83517
2024-06-01 01:16:47.517,313.323069,314.18726
2024-06-01 01:16:48.029,323.674751,316.39673
2024-06-01 01:16:48.541,323.674751,326.0898
2024-06-01 01:16:49.053,323.674751,324.79834
2024-06-01 01:16:49.565,323.674751,322.9931
2024-06-01 01:16:50.076,313.323069,320.05194
2024-06-01 01:16:50.588,313.323069,312.09238
2024-06-01 01:16:51.100,313.323069,310.7799
2024-06-01 01:16:51.612,313.323069,311.93195
2024-06-01 01:16:52.124,302.971388,314.4278
2024-06-01 01:16:52.636,302.971388,305.8004
2024-06-01 01:16:53.148,302.971388,305.04068
2024-06-01 01:16:53.660,302.971388,306.18152
2024-06-01 01:16:54.172,302.971388,305.61182
2024-06-01 01:16:54.684,302.971388,304.84662
2024-06-01 01:16:55.196,302.971388,306.2483
2024-06-01 01:16:55.708,302.971388,306.5321
2024-06-01 01:16:56.220,302.971388,304.60638
2024-06-01 01:16:56.732,302.971388,304.14026
2024-06-01 01:16:57.244,302.971388,306.0558
2024-06-01 01:16:57.756,302.971388,306.6339
2024-06-01 01:16:58.268,334.026432,307.38715
2024-06-01 01:16:58.780,334.026432,334.53278
2024-06-01 01:16:59.292,334.026432,332.30603
2024-06-01 01:16:59.804,334.026432,328.2143
2024-06-01 01:17:00.316,292.619706,329.59448
2024-06-01 01:17:00.828,292.619706,297.84805
2024-06-01 01:17:01.340,292.619706,291.2365
2024-06-01 01:17:01.852,292.619706,294.0082
2024-06-01 01:17:02.364,313.323069,299.61713
2024-06-01 01:17:02.876,313.323069,317.6147
2024-06-01 01:17:03.388,313.323069,318.4522
2024-06-01 01:17:03.900,313.323069,314.88516
2024-06-01 01:17:04.412,302.971388,313.24365
2024-06-01 01:17:04.924,302.971388,305.54248
2024-06-01 01:17:05.436,302.971388,303.08038
2024-06-01 01:17:05.948,302.971388,303.79385
2024-06-01 01:17:06.460,302.971388,305.05182
2024-06-01 01:17:06.972,302.971388,305.1634
2024-06-01 01:17:07.484,302.971388,305.00024
2024-06-01 01:17:07.996,302.971388,304.9072
2024-06-01 01:17:08.508,323.674751,307.8994
2024-06-01 01:17:09.020,323.674751,326.36316
2024-06-01 01:17:09.532,323.674751,324.01147
2024-06-01 01:17:10.044,323.674751,320.72433
2024-06-01 01:17:10.556,313.323069,324.54645
2024-06-01 01:17:11.068,313.323069,317.36563
2024-06-01 01:17:11.580,313.323069,313.70837
2024-06-01 01:17:12.092,313.323069,313.7196
2024-06-01 01:17:12.604,302.971388,314.20367
2024-06-01 01:17:13.116,302.971388,306.0873
2024-06-01 01:17:13.628,302.971388,303.6207
2024-06-01 01:17:14.140,302.971388,304.27042
2024-06-01 01:17:14.652,302.971388,304.4667
2024-06-01 01:17:15.164,302.971388,304.35657
2024-06-01 01:17:15.676,302.971388,304.195
2024-06-01 01:17:16.188,302.971388,304.2528
2024-06-01 01:17:16.700,302.971388,305.52234
2024-06-01 01:17:17.212,302.971388,305.465
2024-06-01 01:17:17.724,302.971388,307.75552
2024-06-01 01:17:18.236,302.971388,307.78818
2024-06-01 01:17:18.748,323.674751,310.08893
2024-06-01 01:17:19.260,323.674751,327.94373
2024-06-01 01:17:19.772,323.674751,325.8318
2024-06-01 01:17:20.284,323.674751,322.90802
2024-06-01 01:17:20.796,323.674751,319.42493
2024-06-01 01:17:21.308,323.674751,320.38507
2024-06-01 01:17:21.820,323.674751,321.60748
2024-06-01 01:17:22.332,323.674751,321.877
2024-06-01 01:17:22.844,313.323069,321.62848
2024-06-01 01:17:23.356,313.323069,313.11118
2024-06-01 01:17:23.868,313.323069,311.0075
2024-06-01 01:17:24.380,313.323069,312.04236
2024-06-01 01:17:24.892,302.971388,316.25247
2024-06-01 01:17:25.404,302.971388,307.30383
2024-06-01 01:17:25.916,302.971388,303.28067
2024-06-01 01:17:26.428,302.971388,303.78955
2024-06-01 01:17:26.940,302.971388,308.55603
2024-06-01 01:17:27.452,302.971388,308.90146
2024-06-01 01:17:27.964,302.971388,311.99933
2024-06-01 01:17:28.476,302.971388,311.75317
2024-06-01 01:17:28.988,334.026432,307.72107
2024-06-01 01:17:29.500,334.026432,333.75342
2024-06-01 01:17:30.012,334.026432,334.56036
2024-06-01 01:17:30.524,334.026432,331.17178
2024-06-01 01:17:31.036,302.971388,327.49176
2024-06-01 01:17:31.548,302.971388,303.64172
2024-06-01 01:17:32.060,302.971388,299.89722
2024-06-01 01:17:32.572,302.971388,302.8999
2024-06-01 01:17:33.084,313.323069,308.51636
2024-06-01 01:17:33.596,313.323069,317.17944
2024-06-01 01:17:34.108,313.323069,316.67224
2024-06-01 01:17:34.620,313.323069,314.62122
2024-06-01 01:17:35.132,302.971388,314.108
2024-06-01 01:17:35.644,302.971388,305.8609
2024-06-01 01:17:36.156,302.971388,304.3977
2024-06-01 01:17:36.668,302.971388,305.2957
2024-06-01 01:17:37.180,313.323069,306.24576
2024-06-01 01:17:37.692,313.323069,315.0003
2024-06-01 01:17:38.204,313.323069,317.5288
2024-06-01 01:17:38.716,313.323069,316.33136
2024-06-01 01:17:39.228,323.674751,313.46643
2024-06-01 01:17:39.740,323.674751,322.2354
2024-06-01 01:17:40.252,323.674751,322.72046
2024-06-01 01:17:40.764,323.674751,321.67398
2024-06-01 01:17:41.276,313.323069,320.90103
2024-06-01 01:17:41.788,313.323069,312.66324
2024-06-01 01:17:42.300,313.323069,313.2299
2024-06-01 01:17:42.812,313.323069,314.63702
2024-06-01 01:17:43.324,302.971388,313.76096
2024-06-01 01:17:43.836,302.971388,304.519
2024-06-01 01:17:44.348,302.971388,304.86066
2024-06-01 01:17:44.860,302.971388,306.42102
2024-06-01 01:17:45.372,302.971388,305.508
2024-06-01 01:17:45.884,302.971388,304.64728
2024-06-01 01:17:46.396,302.971388,304.82214
2024-06-01 01:17:46.908,302.971388,305.2412
2024-06-01 01:17:47.420,302.971388,305.08618
2024-06-01 01:17:47.932,302.971388,304.78717
2024-06-01 01:17:48.444,302.971388,307.60114
2024-06-01 01:17:48.956,302.971388,308.03265
2024-06-01 01:17:49.468,313.323069,307.02103
2024-06-01 01:17:49.980,313.323069,315.30914
2024-06-01 01:17:50.492,313.323069,316.7993
2024-06-01 01:17:51.004,313.323069,315.76794
2024-06-01 01:17:51.516,302.971388,311.97003
2024-06-01 01:17:52.028,302.971388,303.3836
2024-06-01 01:17:52.540,302.971388,304.59048
2024-06-01 01:17:53.052,302.971388,306.40286
2024-06-01 01:17:53.564,302.971388,306.59143
2024-06-01 01:17:54.076,302.971388,305.99664
2024-06-01 01:17:54.588,302.971388,304.7032
2024-06-01 01:17:55.100,302.971388,304.70972
2024-06-01 01:17:55.612,302.971388,305.13605
2024-06-01 01:17:56.124,302.439506,305.0256
2024-06-01 01:17:56.636,302.439506,307.63403
2024-06-01 01:17:57.148,302.439506,307.9198
2024-06-01 01:17:57.660,333.440032,308.5132
2024-06-01 01:17:58.172,333.440032,335.66617
2024-06-01 01:17:58.684,333.440032,341.95105
2024-06-01 01:17:59.196,333.440032,337.2725
2024-06-01 01:17:59.708,343.77354,333.06516
2024-06-01 01:18:00.220,343.77354,342.5378
2024-06-01 01:18:00.732,343.77354,343.11212
2024-06-01 01:18:01.244,343.77354,342.235
2024-06-01 01:18:01.756,343.77354,340.01422
