timestamp,Actual,Predicted
2024-06-01 00:04:49.817,40.703968,40.29952
2024-06-01 00:04:50.841,40.703968,40.297028
2024-06-01 00:04:51.353,40.703968,40.30172
2024-06-01 00:04:52.889,40.703968,40.31019
2024-06-01 00:04:53.401,40.703968,40.319202
2024-06-01 00:04:54.425,40.703968,40.319065
2024-06-01 00:04:54.937,40.703968,40.31918
2024-06-01 00:04:55.449,40.703968,40.320435
2024-06-01 00:04:56.473,40.703968,40.320625
2024-06-01 00:04:57.497,40.703968,40.320747
2024-06-01 00:04:58.009,40.703968,40.320732
2024-06-01 00:04:59.033,40.703968,40.320553
2024-06-01 00:04:59.545,40.703968,40.318764
2024-06-01 00:05:00.569,40.703968,40.31846
2024-06-01 00:05:01.081,40.703968,40.318295
2024-06-01 00:05:01.593,40.703968,40.319187
2024-06-01 00:05:02.105,40.703968,40.31949
2024-06-01 00:05:02.617,40.703968,40.319557
2024-06-01 00:05:35.897,40.703968,40.319668
2024-06-01 00:05:37.433,40.703968,40.322384
2024-06-01 00:05:37.945,40.703968,40.322807
2024-06-01 00:05:38.457,40.633132,40.32268
2024-06-01 00:05:38.969,40.633132,40.3228
2024-06-01 00:05:39.481,40.633132,40.322933
2024-06-01 00:05:39.993,40.633132,40.32315
2024-06-01 00:05:40.505,40.633132,40.32306
2024-06-01 00:05:41.017,40.633132,40.32293
2024-06-01 00:05:41.529,40.633132,40.323128
2024-06-01 00:05:42.041,40.633132,40.323692
2024-06-01 00:05:42.553,40.633132,40.32459
2024-06-01 00:05:43.065,40.633132,40.324856
2024-06-01 00:05:43.577,40.633132,40.325016
2024-06-01 00:05:44.089,40.633132,40.325115
2024-06-01 00:05:44.601,40.633132,40.32517
2024-06-01 00:05:45.625,40.633132,40.3252
2024-06-01 00:05:46.137,40.633132,40.325188
2024-06-01 00:05:46.649,40.633132,40.32424
2024-06-01 00:05:47.161,40.633132,40.324036
2024-06-01 00:05:47.673,40.633132,40.324062
2024-06-01 00:05:48.697,40.633132,40.323967
2024-06-01 00:05:49.209,40.633132,40.323914
2024-06-01 00:05:52.793,40.633132,40.323883
2024-06-01 00:05:55.353,40.633132,40.3239
2024-06-01 00:05:55.865,40.633132,40.323936
2024-06-01 00:05:56.377,40.633132,40.323875
2024-06-01 00:05:56.889,40.633132,40.32637
2024-06-01 00:05:57.913,40.633132,40.327255
2024-06-01 00:05:58.425,40.633132,40.327827
2024-06-01 00:05:59.449,40.633132,40.3282
2024-06-01 00:05:59.961,40.633132,40.328415
2024-06-01 00:06:00.985,40.633132,40.328545
2024-06-01 00:06:01.497,40.633132,40.328537
2024-06-01 00:06:02.009,40.633132,40.32903
2024-06-01 00:06:03.033,40.633132,40.330276
2024-06-01 00:06:03.545,40.633132,40.33168
2024-06-01 00:06:04.057,40.633132,40.332184
2024-06-01 00:06:04.569,40.633132,40.33238
2024-06-01 00:06:05.593,40.633132,40.333138
2024-06-01 00:06:06.617,40.633132,40.333084
2024-06-01 00:06:07.641,40.633132,40.331154
2024-06-01 00:06:08.153,40.633132,40.330418
2024-06-01 00:06:08.665,40.633132,40.33024
2024-06-01 00:06:09.177,40.633132,40.329933
2024-06-01 00:06:09.689,40.633132,40.32972
2024-06-01 00:06:10.201,40.633132,40.32954
2024-06-01 00:06:10.713,40.633132,40.32955
2024-06-01 00:06:11.225,40.633132,40.330704
2024-06-01 00:06:11.737,40.633132,40.33095
2024-06-01 00:06:12.249,40.633132,40.330807
2024-06-01 00:06:12.761,40.633132,40.330994
2024-06-01 00:06:13.273,40.633132,40.332916
2024-06-01 00:06:13.785,40.633132,40.333862
2024-06-01 00:06:14.297,40.633132,40.334515
2024-06-01 00:06:14.809,40.633132,40.334927
2024-06-01 00:06:15.321,40.633132,40.332504
2024-06-01 00:06:15.833,40.633132,40.331642
2024-06-01 00:06:16.345,40.633132,40.33083
2024-06-01 00:06:16.857,40.633132,40.330193
2024-06-01 00:06:17.881,40.633132,40.329956
2024-06-01 00:06:18.393,40.633132,40.33185
2024-06-01 00:06:18.905,40.633132,40.338383
2024-06-01 00:06:19.417,40.633132,40.34417
2024-06-01 00:06:19.929,40.633132,40.34789
2024-06-01 00:06:20.441,40.633132,40.3491
2024-06-01 00:06:20.953,40.633132,40.348763
2024-06-01 00:06:21.465,40.633132,40.346844
2024-06-01 00:06:21.977,40.633132,40.344704
2024-06-01 00:06:22.489,40.633132,40.344322
2024-06-01 00:06:23.001,40.633132,40.34662
2024-06-01 00:06:23.513,40.633132,40.3469
2024-06-01 00:06:24.025,40.633132,40.347107
2024-06-01 00:06:24.537,40.633132,40.347244
2024-06-01 00:06:25.049,40.633132,40.34726
2024-06-01 00:06:25.561,40.633132,40.346523
2024-06-01 00:06:26.073,40.633132,40.34628
2024-06-01 00:06:26.585,40.633132,40.34578
2024-06-01 00:06:27.097,40.633132,40.345383
2024-06-01 00:06:27.609,40.633132,40.3451
2024-06-01 00:06:28.121,40.633132,40.344894
2024-06-01 00:06:28.633,40.633132,40.344757
2024-06-01 00:06:29.145,40.633132,40.34474
2024-06-01 00:06:29.657,40.633132,40.345478
2024-06-01 00:06:30.169,40.633132,40.345726
2024-06-01 00:06:31.193,40.633132,40.346226
2024-06-01 00:06:31.705,40.633132,40.34662
2024-06-01 00:06:32.217,40.633132,40.3469
2024-06-01 00:06:33.241,40.633132,40.347107
2024-06-01 00:06:33.753,40.633132,40.347244
2024-06-01 00:06:34.265,40.633132,40.34726
2024-06-01 00:06:34.826,40.633132,40.34738
2024-06-01 00:06:35.338,40.633132,40.34771
2024-06-01 00:06:35.850,40.633132,40.34771
2024-06-01 00:06:36.362,40.633132,40.34771
2024-06-01 00:06:36.874,40.633132,40.34771
2024-06-01 00:06:37.386,40.633132,40.34771
2024-06-01 00:06:37.898,40.633132,40.348557
2024-06-01 00:06:38.410,40.633132,40.349167
2024-06-01 00:06:38.922,40.633132,40.34969
2024-06-01 00:06:39.434,40.633132,40.350098
2024-06-01 00:06:39.946,40.633132,40.34955
2024-06-01 00:06:40.458,40.633132,40.34915
2024-06-01 00:06:40.970,40.633132,40.348766
2024-06-01 00:06:41.482,40.633132,40.348377
2024-06-01 00:06:41.994,40.633132,40.3482
2024-06-01 00:06:42.506,40.633132,40.34832
2024-06-01 00:06:43.018,40.633132,40.34818
2024-06-01 00:06:43.530,40.633132,40.34816
2024-06-01 00:06:44.042,40.633132,40.348045
2024-06-01 00:06:44.554,40.633132,40.34771
2024-06-01 00:06:45.066,40.633132,40.34771
2024-06-01 00:06:45.578,40.633132,40.34771
2024-06-01 00:06:46.090,40.633132,40.348557
2024-06-01 00:06:46.602,40.633132,40.349167
2024-06-01 00:06:47.114,40.633132,40.34969
2024-06-01 00:06:47.626,40.633132,40.350098
2024-06-01 00:06:48.138,40.633132,40.34955
2024-06-01 00:06:48.650,40.633132,40.34915
2024-06-01 00:06:49.162,40.633132,40.348766
2024-06-01 00:06:49.674,40.633132,40.348377
2024-06-01 00:06:50.186,40.633132,40.347343
2024-06-01 00:06:50.698,40.633132,40.346886
2024-06-01 00:07:56.745,40.633132,40.346245
2024-06-01 00:07:57.257,40.633132,40.345833
2024-06-01 00:07:57.769,40.633132,40.347946
2024-06-01 00:07:58.281,40.633132,40.349228
2024-06-01 00:07:58.793,40.633132,40.350674
2024-06-01 00:07:59.305,40.633132,40.351883
2024-06-01 00:07:59.817,40.633132,40.351818
2024-06-01 00:08:00.329,40.633132,40.351482
2024-06-01 00:08:00.841,40.633132,40.351357
2024-06-01 00:08:01.353,40.633132,40.35099
2024-06-01 00:08:01.865,40.633132,40.350204
2024-06-01 00:08:02.377,40.633132,40.350372
2024-06-01 00:08:02.889,40.633132,40.349705
2024-06-01 00:08:03.401,40.633132,40.34927
2024-06-01 00:08:03.913,40.562296,40.34886
2024-06-01 00:08:04.425,40.562296,40.34832
2024-06-01 00:08:04.937,40.562296,40.34818
2024-06-01 00:08:05.449,40.562296,40.34816
2024-06-01 00:08:05.961,40.562296,40.34889
2024-06-01 00:08:06.473,40.562296,40.349167
2024-06-01 00:08:06.985,40.562296,40.34969
2024-06-01 00:08:07.497,40.562296,40.350098
2024-06-01 00:08:08.009,40.562296,40.350395
2024-06-01 00:08:08.521,40.562296,40.35061
2024-06-01 00:08:09.033,40.562296,40.350746
2024-06-01 00:08:09.545,40.562296,40.35077
2024-06-01 00:08:10.057,40.633132,40.352554
2024-06-01 00:08:10.569,40.633132,40.354187
2024-06-01 00:08:11.081,40.633132,40.355293
2024-06-01 00:08:11.593,40.633132,40.356163
2024-06-01 00:08:12.105,40.633132,40.35424
2024-06-01 00:08:12.617,40.633132,40.352776
2024-06-01 00:08:15.129,40.633132,40.351448
2024-06-01 00:08:18.712,40.633132,40.350227
2024-06-01 00:08:19.736,40.633132,40.349545
2024-06-01 00:08:20.760,40.633132,40.350388
2024-06-01 00:08:24.856,40.633132,40.350555
2024-06-01 00:08:25.368,40.633132,40.351013
2024-06-01 00:08:25.880,40.633132,40.351093
2024-06-01 00:09:18.664,40.633132,40.350395
2024-06-01 00:09:19.176,40.633132,40.35061
2024-06-01 00:09:19.688,40.562296,40.349895
2024-06-01 00:09:20.200,40.562296,40.34931
2024-06-01 00:09:20.712,40.562296,40.348904
2024-06-01 00:09:21.224,40.562296,40.34883
2024-06-01 00:09:21.736,40.562296,40.34938
2024-06-01 00:09:22.248,40.562296,40.349773
2024-06-01 00:09:22.760,40.562296,40.35016
2024-06-01 00:09:23.272,40.562296,40.350548
2024-06-01 00:09:23.784,40.562296,40.349876
2024-06-01 00:09:24.296,40.562296,40.34915
2024-06-01 00:09:24.808,40.562296,40.348766
2024-06-01 00:09:25.320,40.562296,40.348377
2024-06-01 00:09:25.832,40.562296,40.349045
2024-06-01 00:09:26.344,40.562296,40.349773
2024-06-01 00:09:26.856,40.562296,40.35016
2024-06-01 00:09:27.368,40.562296,40.350548
2024-06-01 00:09:27.880,40.562296,40.34988
2024-06-01 00:09:28.392,40.562296,40.34915
2024-06-01 00:09:28.904,40.562296,40.348766
2024-06-01 00:09:29.416,40.562296,40.348377
2024-06-01 00:09:29.928,40.562296,40.349045
2024-06-01 00:09:30.440,40.562296,40.349773
2024-06-01 00:09:30.952,40.562296,40.35016
2024-06-01 00:09:31.464,40.562296,40.350548
2024-06-01 00:09:31.976,40.562296,40.350735
2024-06-01 00:09:32.488,40.562296,40.35061
2024-06-01 00:09:33.000,40.562296,40.350746
2024-06-01 00:09:33.512,40.562296,40.35077
2024-06-01 00:09:34.024,40.562296,40.350887
2024-06-01 00:09:34.536,40.562296,40.35122
2024-06-01 00:10:40.583,40.562296,40.35151
2024-06-01 00:10:41.095,40.562296,40.321236
2024-06-01 00:10:41.607,40.49146,40.310444
2024-06-01 00:10:42.119,40.49146,40.306316
2024-06-01 00:10:42.631,40.49146,40.3051
2024-06-01 00:10:43.143,40.49146,40.33653
2024-06-01 00:10:43.655,40.562296,40.348244
2024-06-01 00:10:44.167,40.562296,40.355083
2024-06-01 00:10:44.679,40.562296,40.358818
2024-06-01 00:10:45.191,40.562296,40.360023
2024-06-01 00:10:45.703,40.562296,40.361145
2024-06-01 00:10:46.215,40.562296,40.36257
2024-06-01 00:10:46.727,40.562296,40.361202
2024-06-01 00:10:47.239,40.562296,40.360893
2024-06-01 00:10:47.751,40.562296,40.35845
2024-06-01 00:10:48.263,40.562296,40.354332
2024-06-01 00:10:48.775,40.562296,40.353374
2024-06-01 00:10:49.287,40.562296,40.35252
2024-06-01 00:10:49.799,40.562296,40.35364
2024-06-01 00:10:50.311,40.562296,40.354816
2024-06-01 00:10:50.823,40.562296,40.355625
2024-06-01 00:10:51.335,40.562296,40.35646
2024-06-01 00:10:51.847,40.562296,40.35687
2024-06-01 00:10:52.359,40.562296,40.35663
2024-06-01 00:10:52.871,40.562296,40.35694
2024-06-01 00:10:53.383,40.562296,40.356995
2024-06-01 00:10:53.895,40.562296,40.356415
2024-06-01 00:10:54.407,40.562296,40.35647
2024-06-01 00:10:54.919,40.562296,40.3559
2024-06-01 00:10:55.431,40.562296,40.355446
2024-06-01 00:10:55.943,40.562296,40.355118
2024-06-01 00:10:56.455,40.562296,40.35488
2024-06-01 00:12:02.503,40.562296,40.35472
2024-06-01 00:12:03.015,40.562296,40.35469
2024-06-01 00:12:03.527,40.562296,40.352886
2024-06-01 00:12:04.039,40.562296,40.351303
2024-06-01 00:12:04.551,40.562296,40.350227
2024-06-01 00:12:05.063,40.562296,40.349373
2024-06-01 00:12:05.575,40.562296,40.348747
2024-06-01 00:12:06.087,40.562296,40.348293
2024-06-01 00:12:06.599,40.562296,40.347992
2024-06-01 00:12:07.111,40.562296,40.34794
2024-06-01 00:12:07.623,40.562296,40.34685
2024-06-01 00:12:08.134,40.562296,40.345577
2024-06-01 00:12:08.646,40.562296,40.34507
2024-06-01 00:12:09.158,40.562296,40.33849
2024-06-01 00:12:09.670,40.562296,40.336163
2024-06-01 00:12:10.182,40.562296,40.328575
2024-06-01 00:12:10.694,40.562296,40.32434
2024-06-01 00:12:11.206,40.562296,40.334244
2024-06-01 00:12:11.718,40.562296,40.338478
2024-06-01 00:12:12.230,40.562296,40.341244
2024-06-01 00:12:12.742,40.562296,40.34322
2024-06-01 00:12:13.254,40.562296,40.32571
2024-06-01 00:12:13.766,40.562296,40.31695
2024-06-01 00:12:14.278,40.562296,40.31162
2024-06-01 00:12:14.790,40.562296,40.308018
2024-06-01 00:12:15.302,40.562296,40.300117
2024-06-01 00:12:15.814,40.49146,40.293327
2024-06-01 00:12:16.326,40.49146,40.289272
2024-06-01 00:12:16.838,40.49146,40.287056
2024-06-01 00:12:17.350,40.49146,40.285553
2024-06-01 00:12:17.862,40.49146,40.28573
2024-06-01 00:12:18.374,40.49146,40.292236
2024-06-01 00:13:24.422,40.49146,40.29483
2024-06-01 00:13:24.934,40.49146,40.070366
2024-06-01 00:13:25.446,40.278951,39.9944
2024-06-01 00:13:25.958,40.278951,39.970787
2024-06-01 00:13:26.470,40.278951,39.963764
2024-06-01 00:13:26.982,40.278951,39.965446
2024-06-01 00:13:27.494,40.278951,39.966866
2024-06-01 00:13:28.006,40.278951,39.970802
2024-06-01 00:13:28.518,40.278951,39.971703
2024-06-01 00:13:29.030,40.278951,39.97175
2024-06-01 00:13:29.542,40.278951,39.97181
2024-06-01 00:13:30.054,40.278951,39.97158
2024-06-01 00:13:30.566,40.278951,39.971558
2024-06-01 00:13:31.078,40.278951,39.971554
2024-06-01 00:13:31.590,40.278951,39.97159
2024-06-01 00:13:32.102,40.278951,39.971687
2024-06-01 00:13:32.614,40.278951,39.971687
2024-06-01 00:13:33.126,40.278951,39.967983
2024-06-01 00:13:33.638,40.278951,39.966595
2024-06-01 00:13:34.150,40.278951,39.966316
2024-06-01 00:13:34.662,40.278951,39.966255
2024-06-01 00:13:35.174,40.278951,39.969917
2024-06-01 00:13:35.686,40.278951,39.971325
2024-06-01 00:13:36.198,40.278951,39.97163
2024-06-01 00:13:36.710,40.278951,39.971718
2024-06-01 00:13:37.222,40.278951,39.971733
2024-06-01 00:13:37.734,40.278951,39.971306
2024-06-01 00:13:38.246,40.278951,39.971287
2024-06-01 00:13:38.758,40.278951,39.97132
2024-06-01 00:13:39.270,40.278951,39.971355
2024-06-01 00:13:39.782,40.278951,39.971397
2024-06-01 00:13:40.294,40.278951,39.967785
2024-06-01 00:14:46.341,40.278951,39.968864
2024-06-01 00:14:46.853,40.278951,39.99087
2024-06-01 00:14:47.365,40.278951,39.996357
2024-06-01 00:14:47.877,40.278951,40.002712
2024-06-01 00:14:48.389,40.278951,40.005074
2024-06-01 00:14:48.901,40.278951,40.00609
2024-06-01 00:14:49.413,40.208115,40.006046
2024-06-01 00:14:49.925,40.208115,40.010223
2024-06-01 00:14:50.437,40.208115,40.01162
2024-06-01 00:14:50.949,40.208115,40.000496
2024-06-01 00:14:51.461,40.208115,39.9986
2024-06-01 00:14:51.973,40.208115,40.000893
2024-06-01 00:14:52.485,40.208115,40.00135
2024-06-01 00:14:52.997,40.208115,40.00141
2024-06-01 00:14:53.509,40.208115,39.999775
2024-06-01 00:14:54.021,40.208115,39.99616
2024-06-01 00:14:54.533,40.208115,39.9952
2024-06-01 00:14:55.045,40.208115,39.99495
2024-06-01 00:14:55.557,40.208115,39.996456
2024-06-01 00:14:56.069,40.208115,40.00016
2024-06-01 00:14:56.581,40.208115,40.001125
2024-06-01 00:14:57.093,40.208115,40.00526
2024-06-01 00:14:57.605,40.208115,40.004837
2024-06-01 00:14:58.117,40.208115,40.009235
2024-06-01 00:14:58.629,40.208115,40.01087
2024-06-01 00:14:59.141,40.208115,40.003872
2024-06-01 00:14:59.653,40.208115,40.00288
2024-06-01 00:15:00.165,40.208115,40.002113
2024-06-01 00:15:00.677,40.208115,40.001698
2024-06-01 00:15:01.189,40.208115,39.993835
2024-06-01 00:15:01.701,39.924771,39.991386
2024-06-01 00:15:02.213,39.924771,39.784626
2024-06-01 00:16:08.260,39.924771,39.764534
2024-06-01 00:16:08.772,39.924771,40.05715
2024-06-01 00:16:09.284,40.49146,40.15013
2024-06-01 00:16:09.796,40.49146,40.21038
2024-06-01 00:16:10.308,40.49146,40.249817
2024-06-01 00:16:10.820,40.49146,40.277336
2024-06-01 00:16:11.332,40.49146,40.296883
2024-06-01 00:16:11.844,40.49146,40.312508
2024-06-01 00:16:12.356,40.49146,40.323997
2024-06-01 00:16:12.868,40.49146,40.32385
2024-06-01 00:16:13.380,40.562296,40.321625
2024-06-01 00:16:13.892,40.562296,40.318493
2024-06-01 00:16:14.404,40.562296,40.317318
2024-06-01 00:16:14.916,40.562296,40.316334
2024-06-01 00:16:15.428,40.562296,40.312256
2024-06-01 00:16:15.940,40.562296,40.312313
2024-06-01 00:16:16.452,40.562296,40.312443
2024-06-01 00:16:16.964,40.562296,40.312744
2024-06-01 00:16:17.476,40.562296,40.315914
2024-06-01 00:16:17.988,40.562296,40.316566
2024-06-01 00:16:18.500,40.562296,40.31645
2024-06-01 00:16:19.012,40.562296,40.316322
2024-06-01 00:16:19.524,40.562296,40.313385
2024-06-01 00:16:20.036,40.562296,40.31301
2024-06-01 00:16:20.548,40.562296,40.313286
2024-06-01 00:16:21.060,40.562296,40.313614
2024-06-01 00:16:21.572,40.562296,40.315533
2024-06-01 00:16:22.084,40.562296,40.308945
2024-06-01 00:16:22.596,40.562296,40.30728
2024-06-01 00:16:23.108,40.562296,40.307617
2024-06-01 00:16:23.620,40.633132,40.309643
2024-06-01 00:16:24.132,40.633132,40.31091
2024-06-01 00:17:30.179,40.633132,40.31574
2024-06-01 00:17:30.691,40.633132,40.32009
2024-06-01 00:17:31.203,40.916476,40.32556
2024-06-01 00:17:31.715,40.916476,40.328278
2024-06-01 00:17:32.227,40.916476,40.326996
2024-06-01 00:17:32.739,40.916476,40.326004
2024-06-01 00:17:33.251,40.916476,40.325268
2024-06-01 00:17:33.763,40.916476,40.324715
2024-06-01 00:17:34.275,40.916476,40.32411
2024-06-01 00:17:34.787,40.916476,40.323177
2024-06-01 00:17:35.299,40.916476,40.322746
2024-06-01 00:17:35.811,40.916476,40.322666
2024-06-01 00:17:36.323,40.916476,40.32267
2024-06-01 00:17:36.835,40.916476,40.32267
2024-06-01 00:17:37.347,40.916476,40.32267
2024-06-01 00:17:37.859,40.916476,40.32267
2024-06-01 00:17:38.371,40.916476,40.32267
2024-06-01 00:17:38.883,40.916476,40.32267
2024-06-01 00:17:39.395,40.987313,40.32267
2024-06-01 00:17:39.907,40.987313,40.32267
2024-06-01 00:17:40.419,40.987313,40.32267
2024-06-01 00:17:40.931,40.987313,40.32267
2024-06-01 00:17:41.443,40.987313,40.322075
2024-06-01 00:17:41.955,40.987313,40.322617
2024-06-01 00:17:42.467,40.987313,40.32312
2024-06-01 00:17:42.979,40.987313,40.323536
2024-06-01 00:17:43.491,40.987313,40.328503
2024-06-01 00:17:44.003,40.987313,40.32534
2024-06-01 00:17:44.515,40.987313,40.32251
2024-06-01 00:17:45.027,40.987313,40.320286
2024-06-01 00:17:45.539,40.987313,40.315628
2024-06-01 00:17:46.051,40.987313,40.315304
2024-06-01 00:18:52.098,40.987313,40.315353
2024-06-01 00:18:52.610,40.987313,40.31551
2024-06-01 00:18:53.122,40.987313,40.3157
2024-06-01 00:18:53.634,40.987313,40.317116
2024-06-01 00:18:54.146,40.987313,40.31787
2024-06-01 00:18:54.658,40.987313,40.31839
2024-06-01 00:18:55.170,40.987313,40.319054
2024-06-01 00:18:55.682,40.987313,40.31833
2024-06-01 00:18:56.194,40.987313,40.31809
2024-06-01 00:18:56.706,40.987313,40.31846
2024-06-01 00:18:57.218,40.987313,40.31838
2024-06-01 00:18:57.730,40.987313,40.31822
2024-06-01 00:18:58.242,40.987313,40.318108
2024-06-01 00:18:58.754,40.987313,40.31796
2024-06-01 00:18:59.266,40.916476,40.318558
2024-06-01 00:18:59.778,40.916476,40.31839
2024-06-01 00:19:00.290,40.916476,40.31819
2024-06-01 00:19:00.802,40.916476,40.31804
2024-06-01 00:19:01.314,40.987313,40.316566
2024-06-01 00:19:01.826,40.987313,40.31695
2024-06-01 00:19:02.338,40.987313,40.317276
2024-06-01 00:19:02.850,40.987313,40.317474
2024-06-01 00:19:03.362,40.987313,40.31834
2024-06-01 00:19:03.874,40.987313,40.31834
2024-06-01 00:19:04.386,40.987313,40.318325
2024-06-01 00:19:04.898,40.987313,40.318443
2024-06-01 00:19:05.410,40.987313,40.318428
2024-06-01 00:19:05.922,40.987313,40.318214
2024-06-01 00:19:06.434,40.987313,40.318108
2024-06-01 00:19:06.946,40.987313,40.31796
2024-06-01 00:19:07.458,40.987313,40.31724
2024-06-01 00:19:07.970,40.987313,40.31756
2024-06-01 00:20:14.017,40.987313,40.31829
2024-06-01 00:20:14.529,40.987313,40.319923
2024-06-01 00:20:15.041,40.987313,40.322628
2024-06-01 00:20:15.553,40.987313,40.32335
2024-06-01 00:20:16.065,40.987313,40.323685
2024-06-01 00:20:16.577,40.987313,40.323696
2024-06-01 00:20:17.089,40.987313,40.323368
2024-06-01 00:20:17.601,40.987313,40.322914
2024-06-01 00:20:18.113,40.987313,40.322807
2024-06-01 00:20:18.625,40.987313,40.3233
2024-06-01 00:20:19.137,40.987313,40.323273
2024-06-01 00:20:19.649,40.987313,40.323494
2024-06-01 00:20:20.161,40.987313,40.323494
2024-06-01 00:20:20.673,40.987313,40.323494
2024-06-01 00:20:21.185,40.987313,40.322815
2024-06-01 00:20:21.697,40.987313,40.322887
2024-06-01 00:20:22.209,40.987313,40.322918
2024-06-01 00:20:22.721,40.987313,40.322937
2024-06-01 00:20:23.233,40.987313,40.323616
2024-06-01 00:20:23.745,40.987313,40.32354
2024-06-01 00:20:24.257,40.987313,40.323517
2024-06-01 00:20:24.769,40.987313,40.323586
2024-06-01 00:20:25.281,40.987313,40.322914
2024-06-01 00:20:25.793,40.987313,40.32288
2024-06-01 00:20:26.305,40.987313,40.322906
2024-06-01 00:20:26.817,40.987313,40.322845
2024-06-01 00:20:27.329,40.987313,40.32351
2024-06-01 00:20:27.841,40.987313,40.32354
2024-06-01 00:20:28.353,40.987313,40.323517
2024-06-01 00:20:28.865,40.987313,40.323586
2024-06-01 00:20:29.377,40.987313,40.322914
2024-06-01 00:20:29.889,40.987313,40.32288
2024-06-01 00:21:35.936,40.987313,40.323597
2024-06-01 00:21:36.448,40.987313,40.32547
2024-06-01 00:21:36.960,40.916476,40.32393
2024-06-01 00:21:37.472,40.916476,40.325638
2024-06-01 00:21:37.984,40.916476,40.326366
2024-06-01 00:21:38.496,40.916476,40.32659
2024-06-01 00:21:39.008,40.987313,40.326447
2024-06-01 00:21:39.520,40.987313,40.32602
2024-06-01 00:21:40.032,40.987313,40.325897
2024-06-01 00:21:40.544,40.987313,40.326767
2024-06-01 00:21:41.056,40.916476,40.328022
2024-06-01 00:21:41.568,40.916476,40.32703
2024-06-01 00:21:42.080,40.916476,40.326904
2024-06-01 00:21:42.592,40.916476,40.326866
2024-06-01 00:21:43.104,40.916476,40.326244
2024-06-01 00:21:43.616,40.916476,40.326393
2024-06-01 00:21:44.128,40.916476,40.326458
2024-06-01 00:21:44.640,40.916476,40.326313
2024-06-01 00:21:45.152,40.916476,40.326305
2024-06-01 00:21:45.664,40.916476,40.326576
2024-06-01 00:21:46.176,40.916476,40.32657
2024-06-01 00:21:46.688,40.916476,40.326645
2024-06-01 00:21:47.200,40.916476,40.326057
2024-06-01 00:21:47.712,40.916476,40.32609
2024-06-01 00:21:48.224,40.916476,40.326164
2024-06-01 00:21:48.736,40.916476,40.326202
2024-06-01 00:21:49.248,40.916476,40.326225
2024-06-01 00:21:49.760,40.916476,40.326225
2024-06-01 00:21:50.272,40.916476,40.326225
2024-06-01 00:21:50.784,40.916476,40.32631
2024-06-01 00:21:51.296,40.916476,40.326904
2024-06-01 00:21:51.808,40.916476,40.32659
2024-06-01 00:22:57.855,40.916476,40.324963
2024-06-01 00:22:58.367,40.916476,40.322403
2024-06-01 00:22:58.879,40.916476,40.317574
2024-06-01 00:22:59.391,40.916476,40.319115
2024-06-01 00:22:59.903,40.916476,40.321194
2024-06-01 00:23:00.415,40.916476,40.323357
2024-06-01 00:23:00.927,40.916476,40.325882
2024-06-01 00:23:01.439,40.916476,40.326847
2024-06-01 00:23:01.951,40.916476,40.327637
2024-06-01 00:23:02.463,40.916476,40.328217
2024-06-01 00:23:02.975,40.987313,40.329082
2024-06-01 00:23:03.487,40.987313,40.328255
2024-06-01 00:23:03.999,40.987313,40.327545
2024-06-01 00:23:04.511,40.987313,40.326935
2024-06-01 00:23:05.023,40.987313,40.32448
2024-06-01 00:23:05.535,40.987313,40.326653
2024-06-01 00:23:06.047,40.987313,40.32844
2024-06-01 00:23:06.559,40.987313,40.329796
2024-06-01 00:23:07.071,40.987313,40.330536
2024-06-01 00:23:07.583,40.987313,40.33229
2024-06-01 00:23:08.095,40.987313,40.333923
2024-06-01 00:23:08.607,40.987313,40.335556
2024-06-01 00:23:09.119,40.987313,40.336624
2024-06-01 00:23:09.631,40.987313,40.337036
2024-06-01 00:23:10.143,40.987313,40.337357
2024-06-01 00:23:10.655,40.987313,40.337685
2024-06-01 00:23:11.167,40.916476,40.338295
2024-06-01 00:23:11.679,40.916476,40.337593
2024-06-01 00:23:12.191,40.916476,40.336987
2024-06-01 00:23:12.703,40.916476,40.336502
2024-06-01 00:23:13.215,40.916476,40.3361
2024-06-01 00:23:13.727,40.916476,40.33579
2024-06-01 00:24:19.775,40.916476,40.33567
2024-06-01 00:24:20.287,40.916476,40.33947
2024-06-01 00:24:20.799,40.987313,40.343296
2024-06-01 00:24:21.311,40.987313,40.34896
2024-06-01 00:24:21.823,40.987313,40.354706
2024-06-01 00:24:22.335,40.987313,40.359844
2024-06-01 00:24:22.847,40.987313,40.364
2024-06-01 00:24:23.359,40.987313,40.365425
2024-06-01 00:24:23.871,40.987313,40.367157
2024-06-01 00:24:24.383,40.987313,40.369205
2024-06-01 00:24:24.895,40.916476,40.36835
2024-06-01 00:24:25.407,40.916476,40.36889
2024-06-01 00:24:25.919,40.916476,40.36909
2024-06-01 00:24:26.431,40.916476,40.36933
2024-06-01 00:24:26.943,40.916476,40.370186
2024-06-01 00:24:27.454,40.916476,40.369637
2024-06-01 00:24:27.966,40.916476,40.36943
2024-06-01 00:24:28.478,40.916476,40.369205
2024-06-01 00:24:28.990,40.987313,40.36887
2024-06-01 00:24:29.502,40.987313,40.36841
2024-06-01 00:24:30.014,40.987313,40.367645
2024-06-01 00:24:30.526,40.987313,40.36705
2024-06-01 00:24:31.038,40.916476,40.367176
2024-06-01 00:24:31.550,40.916476,40.36596
2024-06-01 00:24:32.062,40.916476,40.36503
2024-06-01 00:24:32.574,40.916476,40.364216
2024-06-01 00:24:33.086,40.916476,40.362465
2024-06-01 00:24:33.598,40.916476,40.363754
2024-06-01 00:24:34.110,40.916476,40.364906
2024-06-01 00:24:34.622,40.916476,40.36597
2024-06-01 00:24:35.134,40.987313,40.367546
2024-06-01 00:24:35.646,40.987313,40.36766
2024-06-01 00:25:41.694,40.987313,40.368168
2024-06-01 00:25:42.206,40.987313,40.368546
2024-06-01 00:25:42.718,40.987313,40.3681
2024-06-01 00:25:43.230,40.987313,40.36889
2024-06-01 00:25:43.742,40.987313,40.36909
2024-06-01 00:25:44.254,40.987313,40.36933
2024-06-01 00:25:44.766,40.987313,40.370186
2024-06-01 00:25:45.278,40.987313,40.369637
2024-06-01 00:25:45.790,40.987313,40.36943
2024-06-01 00:25:46.302,40.987313,40.369205
2024-06-01 00:25:46.814,40.987313,40.368866
2024-06-01 00:25:47.326,40.987313,40.36841
2024-06-01 00:25:47.838,40.987313,40.367645
2024-06-01 00:25:48.350,40.987313,40.36705
2024-06-01 00:25:48.862,40.987313,40.366665
2024-06-01 00:25:49.374,40.987313,40.366425
2024-06-01 00:25:49.886,40.987313,40.366425
2024-06-01 00:25:50.398,40.987313,40.366425
2024-06-01 00:25:50.910,40.987313,40.367935
2024-06-01 00:25:51.422,40.987313,40.365074
2024-06-01 00:25:51.934,40.987313,40.36234
2024-06-01 00:25:52.446,40.987313,40.359978
2024-06-01 00:25:52.958,40.987313,40.3558
2024-06-01 00:25:53.470,40.987313,40.357635
2024-06-01 00:25:53.982,40.987313,40.35919
2024-06-01 00:25:54.494,40.987313,40.360733
2024-06-01 00:25:55.006,40.916476,40.36299
2024-06-01 00:25:55.518,40.916476,40.363876
2024-06-01 00:25:56.030,40.916476,40.365685
2024-06-01 00:25:56.542,40.916476,40.36721
2024-06-01 00:25:57.054,40.916476,40.367584
2024-06-01 00:25:57.566,40.916476,40.36889
2024-06-01 00:27:03.613,40.916476,40.36924
2024-06-01 00:27:04.125,40.916476,40.370037
2024-06-01 00:27:04.637,40.916476,40.37091
2024-06-01 00:27:05.149,40.916476,40.37185
2024-06-01 00:27:05.661,40.916476,40.373062
2024-06-01 00:27:06.173,40.916476,40.374058
2024-06-01 00:27:06.685,40.916476,40.37526
2024-06-01 00:27:07.197,40.916476,40.37473
2024-06-01 00:27:07.709,40.916476,40.373936
2024-06-01 00:27:08.221,40.916476,40.373238
2024-06-01 00:27:08.733,40.916476,40.37299
2024-06-01 00:27:09.245,40.916476,40.371246
2024-06-01 00:27:09.757,40.916476,40.369488
2024-06-01 00:27:10.269,40.916476,40.368034
2024-06-01 00:27:10.781,40.916476,40.366367
2024-06-01 00:27:11.293,40.916476,40.366394
2024-06-01 00:27:11.805,40.916476,40.36659
2024-06-01 00:27:12.317,40.916476,40.36683
2024-06-01 00:27:12.829,40.916476,40.366653
2024-06-01 00:27:13.341,40.916476,40.368114
2024-06-01 00:27:13.853,40.916476,40.36984
2024-06-01 00:27:14.365,40.916476,40.3713
2024-06-01 00:27:14.877,40.916476,40.372467
2024-06-01 00:27:15.389,40.916476,40.373466
2024-06-01 00:27:15.901,40.916476,40.37426
2024-06-01 00:27:16.413,40.916476,40.374893
2024-06-01 00:27:16.925,40.916476,40.37584
2024-06-01 00:27:17.437,40.916476,40.375095
2024-06-01 00:27:17.949,40.916476,40.374107
2024-06-01 00:27:18.461,40.916476,40.373238
2024-06-01 00:27:18.973,40.916476,40.37247
2024-06-01 00:27:19.485,40.916476,40.37172
2024-06-01 00:28:25.532,40.916476,40.370922
2024-06-01 00:28:26.044,40.916476,40.370308
2024-06-01 00:28:26.556,40.987313,40.36938
2024-06-01 00:28:27.068,40.987313,40.370132
2024-06-01 00:28:27.580,40.987313,40.371113
2024-06-01 00:28:28.092,40.987313,40.371964
2024-06-01 00:28:28.604,40.987313,40.3722
2024-06-01 00:28:29.116,40.987313,40.373974
2024-06-01 00:28:29.628,40.987313,40.375763
2024-06-01 00:28:30.140,40.987313,40.377277
2024-06-01 00:28:30.652,40.987313,40.37902
2024-06-01 00:28:31.164,40.987313,40.379044
2024-06-01 00:28:31.676,40.987313,40.378857
2024-06-01 00:28:32.188,40.987313,40.378628
2024-06-01 00:28:32.700,40.987313,40.37931
2024-06-01 00:28:33.212,40.987313,40.37677
2024-06-01 00:28:33.724,40.987313,40.373978
2024-06-01 00:28:34.236,40.987313,40.371613
2024-06-01 00:28:34.748,40.987313,40.36862
2024-06-01 00:28:35.260,40.987313,40.368885
2024-06-01 00:28:35.772,40.987313,40.36925
2024-06-01 00:28:36.284,40.987313,40.369743
2024-06-01 00:28:36.796,40.987313,40.369938
2024-06-01 00:28:37.308,40.987313,40.3719
2024-06-01 00:28:37.820,40.987313,40.37443
2024-06-01 00:28:38.332,40.987313,40.376564
2024-06-01 00:28:38.844,40.987313,40.37874
2024-06-01 00:28:39.356,40.987313,40.37904
2024-06-01 00:28:39.868,40.987313,40.378857
2024-06-01 00:28:40.380,40.987313,40.378628
2024-06-01 00:28:40.892,40.987313,40.378796
2024-06-01 00:28:41.404,40.987313,40.377266
2024-06-01 00:29:47.451,40.987313,40.375435
2024-06-01 00:29:47.963,40.987313,40.373924
2024-06-01 00:29:48.475,40.916476,40.37526
2024-06-01 00:29:48.987,40.916476,40.36948
2024-06-01 00:29:49.499,40.916476,40.36411
2024-06-01 00:29:50.011,40.916476,40.35954
2024-06-01 00:29:50.523,40.916476,40.355717
2024-06-01 00:29:51.035,40.916476,40.35224
2024-06-01 00:29:51.547,40.916476,40.34884
2024-06-01 00:29:52.059,40.916476,40.346348
2024-06-01 00:29:52.571,40.916476,40.34378
2024-06-01 00:29:53.083,40.916476,40.344692
2024-06-01 00:29:53.595,40.916476,40.346344
2024-06-01 00:29:54.107,40.916476,40.34777
2024-06-01 00:29:54.619,40.916476,40.350098
2024-06-01 00:29:55.131,40.916476,40.349495
2024-06-01 00:29:55.643,40.916476,40.349045
2024-06-01 00:29:56.155,40.916476,40.348618
2024-06-01 00:29:56.667,40.916476,40.34691
2024-06-01 00:29:57.179,40.916476,40.34783
2024-06-01 00:29:57.691,40.916476,40.348255
2024-06-01 00:29:58.203,40.916476,40.348717
2024-06-01 00:29:58.715,40.916476,40.35045
2024-06-01 00:29:59.227,40.916476,40.349495
2024-06-01 00:29:59.739,40.916476,40.349045
2024-06-01 00:30:00.251,40.916476,40.348618
2024-06-01 00:30:00.763,40.916476,40.349663
2024-06-01 00:30:01.275,40.916476,40.346478
2024-06-01 00:30:01.787,40.916476,40.34295
2024-06-01 00:30:02.299,40.916476,40.34005
2024-06-01 00:30:02.811,40.916476,40.33664
2024-06-01 00:30:03.323,40.916476,40.33637
2024-06-01 00:31:09.370,40.916476,40.335217
2024-06-01 00:31:09.882,40.916476,40.332882
2024-06-01 00:31:10.394,40.916476,40.33184
2024-06-01 00:31:10.906,40.916476,40.3301
2024-06-01 00:31:11.418,40.916476,40.328735
2024-06-01 00:31:11.930,40.916476,40.327385
2024-06-01 00:31:12.442,40.916476,40.325584
2024-06-01 00:31:12.954,40.916476,40.32497
2024-06-01 00:31:13.466,40.916476,40.324677
2024-06-01 00:31:13.978,40.916476,40.324974
2024-06-01 00:31:14.490,40.916476,40.32684
2024-06-01 00:31:15.002,40.916476,40.325493
2024-06-01 00:31:15.514,40.916476,40.324356
2024-06-01 00:31:16.026,40.916476,40.32347
2024-06-01 00:31:16.538,40.916476,40.32148
2024-06-01 00:31:17.050,40.916476,40.32173
2024-06-01 00:31:17.562,40.916476,40.321846
2024-06-01 00:31:18.074,40.916476,40.32184
2024-06-01 00:31:18.586,40.916476,40.322075
2024-06-01 00:31:19.098,40.916476,40.322533
2024-06-01 00:31:19.610,40.916476,40.323036
2024-06-01 00:31:20.122,40.916476,40.323547
2024-06-01 00:31:20.634,40.916476,40.32384
2024-06-01 00:31:21.146,40.916476,40.32389
2024-06-01 00:31:21.658,40.916476,40.32389
2024-06-01 00:31:22.170,40.916476,40.32389
2024-06-01 00:31:22.682,40.916476,40.32332
2024-06-01 00:31:23.194,40.916476,40.323875
2024-06-01 00:31:23.706,40.916476,40.32438
2024-06-01 00:31:24.218,40.916476,40.3248
2024-06-01 00:31:24.730,40.916476,40.325695
2024-06-01 00:31:25.242,40.916476,40.325413
2024-06-01 00:32:31.289,40.916476,40.32486
2024-06-01 00:32:31.801,40.916476,40.324585
2024-06-01 00:32:32.313,40.916476,40.324352
2024-06-01 00:32:32.825,40.916476,40.323868
2024-06-01 00:32:33.337,40.916476,40.32314
2024-06-01 00:32:33.849,40.916476,40.32225
2024-06-01 00:32:34.361,40.916476,40.320404
2024-06-01 00:32:34.873,40.916476,40.320854
2024-06-01 00:32:35.385,40.916476,40.321365
2024-06-01 00:32:35.897,40.916476,40.32229
2024-06-01 00:32:36.409,40.916476,40.32328
2024-06-01 00:32:36.921,40.916476,40.323174
2024-06-01 00:32:37.433,40.916476,40.323143
2024-06-01 00:32:37.945,40.916476,40.32326
2024-06-01 00:32:38.457,40.916476,40.323784
2024-06-01 00:32:38.969,40.916476,40.32312
2024-06-01 00:32:39.481,40.916476,40.322598
2024-06-01 00:32:39.993,40.916476,40.32213
2024-06-01 00:32:40.505,40.916476,40.321835
2024-06-01 00:32:41.017,40.916476,40.321716
2024-06-01 00:32:41.529,40.916476,40.321556
2024-06-01 00:32:42.041,40.916476,40.321365
2024-06-01 00:32:42.553,40.916476,40.3207
2024-06-01 00:32:43.065,40.916476,40.32115
2024-06-01 00:32:43.577,40.916476,40.32149
2024-06-01 00:32:44.089,40.916476,40.321754
2024-06-01 00:32:44.601,40.916476,40.321407
2024-06-01 00:32:45.113,40.916476,40.32202
2024-06-01 00:32:45.625,40.916476,40.322556
2024-06-01 00:32:46.137,40.916476,40.323044
2024-06-01 00:32:46.649,40.916476,40.323917
2024-06-01 00:32:47.161,40.916476,40.323612
2024-06-01 00:33:53.208,40.916476,40.323357
2024-06-01 00:33:53.720,40.916476,40.323208
2024-06-01 00:33:54.232,40.916476,40.322502
2024-06-01 00:33:54.744,40.916476,40.322895
2024-06-01 00:33:55.256,40.916476,40.32335
2024-06-01 00:33:55.768,40.916476,40.32375
2024-06-01 00:33:56.280,40.987313,40.32469
2024-06-01 00:33:56.792,40.987313,40.324566
2024-06-01 00:33:57.304,40.987313,40.32444
2024-06-01 00:33:57.816,40.987313,40.324265
2024-06-01 00:33:58.328,40.987313,40.324654
2024-06-01 00:33:58.840,40.987313,40.323956
2024-06-01 00:33:59.352,40.987313,40.323326
2024-06-01 00:33:59.864,40.987313,40.32277
2024-06-01 00:34:00.376,40.987313,40.321266
2024-06-01 00:34:00.888,40.987313,40.322044
2024-06-01 00:34:01.400,40.987313,40.322674
2024-06-01 00:34:01.912,40.987313,40.32312
2024-06-01 00:34:02.424,40.987313,40.324642
2024-06-01 00:34:02.936,40.987313,40.324097
2024-06-01 00:34:03.448,40.987313,40.323685
2024-06-01 00:34:03.960,40.987313,40.32349
2024-06-01 00:34:04.472,40.987313,40.322628
2024-06-01 00:34:04.984,40.987313,40.322655
2024-06-01 00:34:05.496,40.987313,40.32263
2024-06-01 00:34:06.008,40.987313,40.3225
2024-06-01 00:34:06.520,40.987313,40.321987
2024-06-01 00:34:07.032,40.987313,40.32273
2024-06-01 00:34:07.544,40.987313,40.323364
2024-06-01 00:34:08.056,40.987313,40.323944
2024-06-01 00:34:08.568,40.987313,40.324883
2024-06-01 00:34:09.080,40.987313,40.324585
2024-06-01 00:35:15.127,40.987313,40.32437
2024-06-01 00:35:15.639,40.987313,40.324265
2024-06-01 00:35:16.151,40.987313,40.31974
2024-06-01 00:35:16.663,40.987313,40.32451
2024-06-01 00:35:17.175,40.987313,40.328674
2024-06-01 00:35:17.687,40.987313,40.33202
2024-06-01 00:35:18.199,40.987313,40.334892
2024-06-01 00:35:18.711,40.987313,40.337334
2024-06-01 00:35:19.223,40.987313,40.339794
2024-06-01 00:35:19.735,40.987313,40.34249
2024-06-01 00:35:20.247,40.987313,40.34428
2024-06-01 00:35:20.759,40.987313,40.344913
2024-06-01 00:35:21.271,40.987313,40.344917
2024-06-01 00:35:21.783,40.987313,40.344917
2024-06-01 00:35:22.295,40.987313,40.34533
2024-06-01 00:35:22.807,40.987313,40.344513
2024-06-01 00:35:23.319,40.987313,40.343803
2024-06-01 00:35:23.831,40.987313,40.34324
2024-06-01 00:35:24.343,40.987313,40.341908
2024-06-01 00:35:24.855,40.987313,40.343163
2024-06-01 00:35:25.367,40.987313,40.344185
2024-06-01 00:35:25.879,40.987313,40.344975
2024-06-01 00:35:26.391,40.987313,40.346134
2024-06-01 00:35:26.903,40.987313,40.346016
2024-06-01 00:35:27.415,40.987313,40.346115
2024-06-01 00:35:27.927,40.987313,40.346313
2024-06-01 00:35:28.439,40.987313,40.3463
2024-06-01 00:35:28.951,40.987313,40.346046
2024-06-01 00:35:29.463,40.987313,40.34561
2024-06-01 00:35:29.975,40.987313,40.345215
2024-06-01 00:35:30.487,40.987313,40.344994
2024-06-01 00:35:30.999,40.987313,40.344917
2024-06-01 00:36:37.047,40.987313,40.34562
2024-06-01 00:36:37.559,40.987313,40.35177
2024-06-01 00:36:38.071,40.916476,40.357677
2024-06-01 00:36:38.583,40.916476,40.365227
2024-06-01 00:36:39.095,40.916476,40.372543
2024-06-01 00:36:39.607,40.916476,40.378906
2024-06-01 00:36:40.119,40.916476,40.383377
2024-06-01 00:36:40.631,40.916476,40.386612
2024-06-01 00:36:41.143,40.916476,40.39042
2024-06-01 00:36:41.655,40.916476,40.394623
2024-06-01 00:36:42.167,40.916476,40.39512
2024-06-01 00:36:42.679,40.916476,40.395447
2024-06-01 00:36:43.191,40.916476,40.395443
2024-06-01 00:36:43.703,40.916476,40.395443
2024-06-01 00:36:44.215,40.916476,40.397133
2024-06-01 00:36:44.727,40.916476,40.393925
2024-06-01 00:36:45.239,40.916476,40.390755
2024-06-01 00:36:45.751,40.916476,40.387905
2024-06-01 00:36:46.263,40.916476,40.38362
2024-06-01 00:36:46.775,40.916476,40.384087
2024-06-01 00:36:47.286,40.916476,40.38449
2024-06-01 00:36:47.798,40.916476,40.385284
2024-06-01 00:36:48.310,40.916476,40.386505
2024-06-01 00:36:48.822,40.916476,40.38812
2024-06-01 00:36:49.334,40.916476,40.390785
2024-06-01 00:36:49.846,40.916476,40.392937
2024-06-01 00:36:50.358,40.916476,40.39444
2024-06-01 00:36:50.870,40.916476,40.395443
2024-06-01 00:36:51.382,40.916476,40.395443
2024-06-01 00:36:51.894,40.916476,40.395443
2024-06-01 00:36:52.406,40.916476,40.39602
2024-06-01 00:36:52.918,40.916476,40.394943
2024-06-01 00:37:58.966,40.916476,40.394066
2024-06-01 00:37:59.478,40.916476,40.39398
2024-06-01 00:37:59.990,40.916476,40.391445
2024-06-01 00:38:00.502,40.916476,40.39569
2024-06-01 00:38:01.014,40.916476,40.39981
2024-06-01 00:38:01.526,40.916476,40.403614
2024-06-01 00:38:02.038,40.987313,40.409073
2024-06-01 00:38:02.550,40.987313,40.40956
2024-06-01 00:38:03.062,40.987313,40.410652
2024-06-01 00:38:03.574,40.987313,40.41124
2024-06-01 00:38:04.086,40.916476,40.409317
2024-06-01 00:38:04.598,40.916476,40.409515
2024-06-01 00:38:05.110,40.916476,40.408623
2024-06-01 00:38:05.622,40.916476,40.40844
2024-06-01 00:38:06.134,40.987313,40.410164
2024-06-01 00:38:06.646,40.987313,40.408974
2024-06-01 00:38:07.158,40.987313,40.4088
2024-06-01 00:38:07.670,40.987313,40.408348
2024-06-01 00:38:08.182,40.987313,40.406883
2024-06-01 00:38:08.694,40.987313,40.406498
2024-06-01 00:38:09.206,40.987313,40.405544
2024-06-01 00:38:09.718,40.987313,40.40506
2024-06-01 00:38:10.230,40.987313,40.40502
2024-06-01 00:38:10.742,40.987313,40.40536
2024-06-01 00:38:11.254,40.987313,40.406372
2024-06-01 00:38:11.766,40.987313,40.407143
2024-06-01 00:38:12.278,40.916476,40.40703
2024-06-01 00:38:12.790,40.916476,40.408474
2024-06-01 00:38:13.302,40.916476,40.409588
2024-06-01 00:38:13.814,40.916476,40.410606
2024-06-01 00:38:14.326,40.916476,40.412212
2024-06-01 00:38:14.838,40.916476,40.41215
2024-06-01 00:39:20.885,40.916476,40.412323
2024-06-01 00:39:21.397,40.916476,40.41373
2024-06-01 00:39:21.909,40.987313,40.414883
2024-06-01 00:39:22.421,40.987313,40.41563
2024-06-01 00:39:22.933,40.987313,40.415916
2024-06-01 00:39:23.445,40.987313,40.41624
2024-06-01 00:39:23.957,40.987313,40.417915
2024-06-01 00:39:24.469,40.987313,40.416058
2024-06-01 00:39:24.981,40.987313,40.4144
2024-06-01 00:39:25.493,40.987313,40.412674
2024-06-01 00:39:26.005,40.916476,40.411297
2024-06-01 00:39:26.517,40.916476,40.407906
2024-06-01 00:39:27.029,40.916476,40.40467
2024-06-01 00:39:27.541,40.916476,40.402138
2024-06-01 00:39:28.053,40.916476,40.39956
2024-06-01 00:39:28.565,40.916476,40.398983
2024-06-01 00:39:29.077,40.916476,40.399063
2024-06-01 00:39:29.589,40.916476,40.39933
2024-06-01 00:39:30.101,40.916476,40.399803
2024-06-01 00:39:30.613,40.916476,40.400528
2024-06-01 00:39:31.125,40.916476,40.401543
2024-06-01 00:39:31.637,40.916476,40.402306
2024-06-01 00:39:32.149,40.916476,40.402153
2024-06-01 00:39:32.661,40.916476,40.40356
2024-06-01 00:39:33.173,40.916476,40.40467
2024-06-01 00:39:33.685,40.916476,40.405697
2024-06-01 00:39:34.197,40.987313,40.409874
2024-06-01 00:39:34.709,40.987313,40.40559
2024-06-01 00:39:35.221,40.987313,40.40115
2024-06-01 00:39:35.733,40.987313,40.396877
2024-06-01 00:39:36.245,40.916476,40.391327
2024-06-01 00:39:36.757,40.916476,40.388298
2024-06-01 00:40:42.804,40.916476,40.38508
2024-06-01 00:40:43.316,40.916476,40.38157
2024-06-01 00:40:43.828,40.987313,40.378227
2024-06-01 00:40:44.340,40.987313,40.37903
2024-06-01 00:40:44.852,40.987313,40.381325
2024-06-01 00:40:45.364,40.987313,40.383286
2024-06-01 00:40:45.876,40.987313,40.38497
2024-06-01 00:40:46.388,40.987313,40.386562
2024-06-01 00:40:46.900,40.987313,40.387657
2024-06-01 00:40:47.412,40.987313,40.388355
2024-06-01 00:40:47.924,40.987313,40.389885
2024-06-01 00:40:48.436,40.987313,40.38946
2024-06-01 00:40:48.948,40.987313,40.388405
2024-06-01 00:40:49.460,40.987313,40.387466
2024-06-01 00:40:49.972,40.987313,40.386036
2024-06-01 00:40:50.484,40.987313,40.3862
2024-06-01 00:40:50.996,40.987313,40.386337
2024-06-01 00:40:51.508,40.987313,40.38659
2024-06-01 00:40:52.020,40.987313,40.38582
2024-06-01 00:40:52.532,40.987313,40.388554
2024-06-01 00:40:53.044,40.987313,40.391594
2024-06-01 00:40:53.556,40.987313,40.394226
2024-06-01 00:40:54.068,40.987313,40.395256
2024-06-01 00:40:54.580,40.987313,40.39965
2024-06-01 00:40:55.092,40.987313,40.403767
2024-06-01 00:40:55.604,40.987313,40.407257
2024-06-01 00:40:56.116,40.987313,40.410778
2024-06-01 00:40:56.628,40.987313,40.412407
2024-06-01 00:40:57.140,40.987313,40.413338
2024-06-01 00:40:57.652,40.987313,40.413902
2024-06-01 00:40:58.164,40.987313,40.41528
2024-06-01 00:40:58.676,40.987313,40.412712
2024-06-01 00:42:04.723,40.987313,40.409443
2024-06-01 00:42:05.235,40.987313,40.40664
2024-06-01 00:42:05.747,40.916476,40.407074
2024-06-01 00:42:06.259,40.916476,40.39938
2024-06-01 00:42:06.771,40.916476,40.39209
2024-06-01 00:42:07.283,40.916476,40.38587
2024-06-01 00:42:07.795,40.916476,40.381172
2024-06-01 00:42:08.307,40.916476,40.375183
2024-06-01 00:42:08.819,40.916476,40.36985
2024-06-01 00:42:09.331,40.916476,40.365913
2024-06-01 00:42:09.843,40.916476,40.362167
2024-06-01 00:42:10.355,40.916476,40.362244
2024-06-01 00:42:10.867,40.916476,40.363377
2024-06-01 00:42:11.379,40.916476,40.364464
2024-06-01 00:42:11.891,40.916476,40.367218
2024-06-01 00:42:12.403,40.916476,40.365517
2024-06-01 00:42:12.915,40.916476,40.364212
2024-06-01 00:42:13.427,40.916476,40.362946
2024-06-01 00:42:13.939,40.916476,40.359848
2024-06-01 00:42:14.451,40.916476,40.360977
2024-06-01 00:42:14.963,40.916476,40.361504
2024-06-01 00:42:15.475,40.916476,40.362274
2024-06-01 00:42:15.987,40.916476,40.363945
2024-06-01 00:42:16.499,40.916476,40.364357
2024-06-01 00:42:17.011,40.916476,40.365623
2024-06-01 00:42:17.523,40.916476,40.366604
2024-06-01 00:42:18.035,40.916476,40.368176
2024-06-01 00:42:18.547,40.916476,40.36628
2024-06-01 00:42:19.059,40.916476,40.363625
2024-06-01 00:42:19.571,40.916476,40.36138
2024-06-01 00:42:20.083,40.916476,40.35842
2024-06-01 00:42:20.595,40.916476,40.35866
2024-06-01 00:43:26.642,40.916476,40.357582
2024-06-01 00:43:27.154,40.916476,40.354362
2024-06-01 00:43:27.666,40.916476,40.34852
2024-06-01 00:43:28.178,40.916476,40.353012
2024-06-01 00:43:28.690,40.916476,40.357666
2024-06-01 00:43:29.202,40.916476,40.361614
2024-06-01 00:43:29.714,40.987313,40.3661
2024-06-01 00:43:30.226,40.987313,40.367317
2024-06-01 00:43:30.738,40.987313,40.368637
2024-06-01 00:43:31.250,40.987313,40.369537
2024-06-01 00:43:31.762,40.916476,40.370476
2024-06-01 00:43:32.274,40.916476,40.37186
2024-06-01 00:43:32.786,40.916476,40.37136
2024-06-01 00:43:33.298,40.916476,40.371014
2024-06-01 00:43:33.810,40.916476,40.37098
2024-06-01 00:43:34.322,40.916476,40.371178
2024-06-01 00:43:34.834,40.916476,40.37188
2024-06-01 00:43:35.346,40.916476,40.37246
2024-06-01 00:43:35.858,40.916476,40.37239
2024-06-01 00:43:36.370,40.916476,40.373665
2024-06-01 00:43:36.882,40.916476,40.374634
2024-06-01 00:43:37.394,40.916476,40.37547
2024-06-01 00:43:37.906,40.916476,40.376648
2024-06-01 00:43:38.418,40.916476,40.376266
2024-06-01 00:43:38.930,40.916476,40.376022
2024-06-01 00:43:39.442,40.916476,40.375793
2024-06-01 00:43:39.954,40.916476,40.375916
2024-06-01 00:43:40.466,40.916476,40.37445
2024-06-01 00:43:40.978,40.916476,40.372765
2024-06-01 00:43:41.490,40.916476,40.371346
2024-06-01 00:43:42.002,40.916476,40.368877
2024-06-01 00:43:42.514,40.916476,40.371117
2024-06-01 00:44:48.561,40.916476,40.3741
2024-06-01 00:44:49.073,40.916476,40.383564
2024-06-01 00:44:49.585,40.987313,40.394325
2024-06-01 00:44:50.097,40.987313,40.40107
2024-06-01 00:44:50.609,40.987313,40.407856
2024-06-01 00:44:51.121,40.987313,40.413536
2024-06-01 00:44:51.633,40.987313,40.41673
2024-06-01 00:44:52.145,40.987313,40.420776
2024-06-01 00:44:52.657,40.987313,40.423267
2024-06-01 00:44:53.169,40.987313,40.424538
2024-06-01 00:44:53.681,40.987313,40.42547
2024-06-01 00:44:54.193,40.987313,40.425034
2024-06-01 00:44:54.705,40.987313,40.425003
2024-06-01 00:44:55.217,40.987313,40.42473
2024-06-01 00:44:55.729,40.987313,40.42416
2024-06-01 00:44:56.241,40.987313,40.423187
2024-06-01 00:44:56.753,40.987313,40.42209
2024-06-01 00:44:57.265,40.987313,40.421318
2024-06-01 00:44:57.777,40.987313,40.420094
2024-06-01 00:44:58.289,40.987313,40.420914
2024-06-01 00:44:58.801,40.987313,40.422047
2024-06-01 00:44:59.313,40.987313,40.42311
2024-06-01 00:44:59.825,40.987313,40.424164
2024-06-01 00:45:00.337,40.987313,40.42536
2024-06-01 00:45:00.849,40.987313,40.426468
2024-06-01 00:45:01.361,40.987313,40.42726
2024-06-01 00:45:01.873,40.987313,40.429283
2024-06-01 00:45:02.385,40.987313,40.427387
2024-06-01 00:45:02.897,40.987313,40.425106
2024-06-01 00:45:03.409,40.987313,40.422947
2024-06-01 00:45:03.921,40.916476,40.420067
2024-06-01 00:45:04.433,40.916476,40.41869
2024-06-01 00:46:10.480,40.916476,40.41768
2024-06-01 00:46:10.992,40.916476,40.417824
2024-06-01 00:46:11.504,40.987313,40.41851
2024-06-01 00:46:12.016,40.987313,40.41963
2024-06-01 00:46:12.528,40.987313,40.421196
2024-06-01 00:46:13.040,40.987313,40.422394
2024-06-01 00:46:13.552,40.987313,40.423973
2024-06-01 00:46:14.064,40.987313,40.423416
2024-06-01 00:46:14.576,40.987313,40.422424
2024-06-01 00:46:15.088,40.987313,40.42139
2024-06-01 00:46:15.600,40.987313,40.419548
2024-06-01 00:46:16.112,40.987313,40.4194
2024-06-01 00:46:16.624,40.987313,40.419437
2024-06-01 00:46:17.136,40.987313,40.419754
2024-06-01 00:46:17.648,40.987313,40.42184
2024-06-01 00:46:18.160,40.987313,40.4206
2024-06-01 00:46:18.672,40.987313,40.41944
2024-06-01 00:46:19.184,40.987313,40.41809
2024-06-01 00:46:19.696,40.987313,40.414207
2024-06-01 00:46:20.208,40.987313,40.415234
2024-06-01 00:46:20.720,40.987313,40.416466
2024-06-01 00:46:21.232,40.987313,40.418182
2024-06-01 00:46:21.744,40.987313,40.421936
2024-06-01 00:46:22.256,40.987313,40.42267
2024-06-01 00:46:22.768,40.987313,40.423717
2024-06-01 00:46:23.280,40.987313,40.424034
2024-06-01 00:46:23.792,40.987313,40.420296
2024-06-01 00:46:24.304,40.987313,40.422718
2024-06-01 00:46:24.816,40.987313,40.42508
2024-06-01 00:46:25.328,40.987313,40.427917
2024-06-01 00:46:25.840,40.916476,40.43131
2024-06-01 00:46:26.352,40.916476,40.43556
2024-06-01 00:47:32.400,40.916476,40.44001
2024-06-01 00:47:32.912,40.916476,40.44211
2024-06-01 00:47:33.424,40.84564,40.44024
2024-06-01 00:47:33.935,40.84564,40.438072
2024-06-01 00:47:34.447,40.84564,40.437645
2024-06-01 00:47:34.959,40.84564,40.44279
2024-06-01 00:47:35.471,40.84564,40.44694
2024-06-01 00:47:35.983,40.84564,40.451206
2024-06-01 00:47:36.495,40.84564,40.45489
2024-06-01 00:47:37.007,40.84564,40.457745
2024-06-01 00:47:37.519,40.916476,40.458336
2024-06-01 00:47:38.031,40.916476,40.459625
2024-06-01 00:47:38.543,40.916476,40.460747
2024-06-01 00:47:39.055,40.916476,40.46204
2024-06-01 00:47:39.567,40.84564,40.464478
2024-06-01 00:47:40.079,40.84564,40.464787
2024-06-01 00:47:40.591,40.84564,40.464767
2024-06-01 00:47:41.103,40.84564,40.46437
2024-06-01 00:47:41.615,40.84564,40.462402
2024-06-01 00:47:42.127,40.84564,40.46196
2024-06-01 00:47:42.639,40.84564,40.46201
2024-06-01 00:47:43.151,40.84564,40.462456
2024-06-01 00:47:43.663,40.916476,40.465504
2024-06-01 00:47:44.175,40.916476,40.464874
2024-06-01 00:47:44.687,40.916476,40.463776
2024-06-01 00:47:45.199,40.916476,40.462337
2024-06-01 00:47:45.711,40.916476,40.459267
2024-06-01 00:47:46.223,40.916476,40.457542
2024-06-01 00:47:46.735,40.916476,40.45658
2024-06-01 00:47:47.247,40.916476,40.45641
2024-06-01 00:47:47.759,40.84564,40.45598
2024-06-01 00:47:48.271,40.84564,40.45815
2024-06-01 00:48:54.319,40.84564,40.456528
2024-06-01 00:48:54.831,40.84564,40.46575
2024-06-01 00:48:55.343,40.916476,40.473305
2024-06-01 00:48:55.855,40.916476,40.482334
2024-06-01 00:48:56.367,40.916476,40.490723
2024-06-01 00:48:56.879,40.916476,40.497246
2024-06-01 00:48:57.391,40.916476,40.499718
2024-06-01 00:48:57.903,40.916476,40.490368
2024-06-01 00:48:58.415,40.916476,40.434525
2024-06-01 00:48:58.927,40.916476,40.067963
2024-06-01 00:48:59.439,40.84564,40.041576
2024-06-01 00:48:59.951,40.84564,40.003292
2024-06-01 00:49:00.463,40.84564,40.00156
2024-06-01 00:49:00.975,40.84564,40.00514
2024-06-01 00:49:01.487,40.84564,40.011112
2024-06-01 00:49:01.999,40.84564,40.01352
2024-06-01 00:49:02.511,40.84564,40.014954
2024-06-01 00:49:03.023,40.84564,40.01466
2024-06-01 00:49:03.535,40.916476,40.01262
2024-06-01 00:49:04.047,40.916476,40.011505
2024-06-01 00:49:04.559,40.916476,40.015537
2024-06-01 00:49:05.071,40.916476,40.049896
2024-06-01 00:49:05.583,40.84564,40.12081
2024-06-01 00:49:06.095,40.84564,40.1577
2024-06-01 00:49:06.606,40.84564,40.16716
2024-06-01 00:49:07.118,40.84564,40.177887
2024-06-01 00:49:07.630,40.84564,40.175396
2024-06-01 00:49:08.142,40.84564,40.205128
2024-06-01 00:49:08.654,40.84564,40.253593
2024-06-01 00:49:09.166,40.84564,40.313797
2024-06-01 00:49:09.678,40.916476,40.374813
2024-06-01 00:49:10.190,40.916476,40.426426
2024-06-01 00:50:16.238,40.916476,40.415493
2024-06-01 00:50:16.750,40.916476,40.390186
2024-06-01 00:50:17.262,40.916476,40.330524
2024-06-01 00:50:17.774,40.916476,40.189713
2024-06-01 00:50:18.286,40.916476,40.173637
2024-06-01 00:50:18.798,40.916476,40.142765
2024-06-01 00:50:19.310,40.84564,40.113556
2024-06-01 00:50:19.822,40.84564,40.03253
2024-06-01 00:50:20.334,40.84564,39.890644
2024-06-01 00:50:20.846,40.84564,39.64653
2024-06-01 00:50:21.358,40.916476,39.720284
2024-06-01 00:50:21.870,40.916476,39.841377
2024-06-01 00:50:22.382,40.916476,39.94434
2024-06-01 00:50:22.894,40.916476,40.06574
2024-06-01 00:50:23.406,40.916476,40.194805
2024-06-01 00:50:23.918,40.916476,40.303066
2024-06-01 00:50:24.430,40.916476,40.257393
2024-06-01 00:50:24.942,40.916476,40.154
2024-06-01 00:50:25.454,40.916476,39.928616
2024-06-01 00:50:25.966,40.916476,39.477646
2024-06-01 00:50:26.478,40.916476,39.540123
2024-06-01 00:50:26.990,40.916476,39.62043
2024-06-01 00:50:27.502,40.916476,39.705147
2024-06-01 00:50:28.014,40.916476,39.803295
2024-06-01 00:50:28.526,40.916476,39.795223
2024-06-01 00:50:29.038,40.916476,39.78338
2024-06-01 00:50:29.550,40.916476,39.759678
2024-06-01 00:50:30.062,40.916476,39.725006
2024-06-01 00:50:30.574,40.916476,39.66879
2024-06-01 00:50:31.086,40.916476,39.58146
2024-06-01 00:50:31.598,40.916476,39.456833
2024-06-01 00:50:32.110,40.916476,39.276863
2024-06-01 00:51:38.157,40.916476,39.269608
2024-06-01 00:51:38.669,40.916476,39.251
2024-06-01 00:51:39.181,40.916476,39.253998
2024-06-01 00:51:39.693,40.916476,39.286907
2024-06-01 00:51:40.205,40.916476,39.44599
2024-06-01 00:51:40.717,40.916476,39.638313
2024-06-01 00:51:41.229,40.916476,39.831284
2024-06-01 00:51:41.741,40.916476,40.035168
2024-06-01 00:51:42.253,40.916476,40.197227
2024-06-01 00:51:42.765,40.916476,40.33458
2024-06-01 00:51:43.277,40.84564,40.3559
2024-06-01 00:51:43.789,40.84564,40.363857
2024-06-01 00:51:44.301,40.84564,40.346085
2024-06-01 00:51:44.813,40.84564,40.325912
2024-06-01 00:51:45.325,40.84564,40.281517
2024-06-01 00:51:45.837,40.84564,40.215187
2024-06-01 00:51:46.349,40.84564,40.229237
2024-06-01 00:51:46.861,40.84564,40.246857
2024-06-01 00:51:47.373,40.916476,40.267014
2024-06-01 00:51:47.885,40.916476,40.288773
2024-06-01 00:51:48.397,40.916476,40.273605
2024-06-01 00:51:48.909,40.916476,40.275536
2024-06-01 00:51:49.421,40.84564,40.275505
2024-06-01 00:51:49.933,40.84564,40.253044
2024-06-01 00:51:50.445,40.84564,40.25019
2024-06-01 00:51:50.957,40.84564,40.23565
2024-06-01 00:51:51.469,40.916476,40.226997
2024-06-01 00:51:51.981,40.916476,40.235943
2024-06-01 00:51:52.493,40.916476,40.23511
2024-06-01 00:51:53.005,40.916476,40.224937
2024-06-01 00:51:53.517,40.84564,40.206444
2024-06-01 00:51:54.029,40.84564,40.16896
2024-06-01 00:53:00.076,40.84564,40.133915
2024-06-01 00:53:00.588,40.84564,40.11315
2024-06-01 00:53:01.100,40.84564,40.113297
2024-06-01 00:53:01.612,40.84564,40.151825
2024-06-01 00:53:02.124,40.84564,40.195454
2024-06-01 00:53:02.636,40.84564,40.1874
2024-06-01 00:53:03.148,40.916476,40.167812
2024-06-01 00:53:03.660,40.916476,40.135506
2024-06-01 00:53:04.172,40.916476,40.047886
2024-06-01 00:53:04.684,40.916476,39.90741
2024-06-01 00:53:05.196,40.916476,40.047997
2024-06-01 00:53:05.708,40.916476,40.17758
2024-06-01 00:53:06.220,40.916476,40.171646
2024-06-01 00:53:06.732,40.916476,40.181007
2024-06-01 00:53:07.244,40.84564,40.19414
2024-06-01 00:53:07.756,40.84564,40.198353
2024-06-01 00:53:08.268,40.84564,40.205948
2024-06-01 00:53:08.780,40.84564,40.217514
2024-06-01 00:53:09.292,40.916476,40.2331
2024-06-01 00:53:09.804,40.916476,40.251884
2024-06-01 00:53:10.316,40.916476,40.251884
2024-06-01 00:53:10.828,40.916476,40.251884
2024-06-01 00:53:11.340,40.916476,40.2493
2024-06-01 00:53:11.852,40.916476,40.249035
2024-06-01 00:53:12.364,40.916476,40.248882
2024-06-01 00:53:12.876,40.916476,40.24858
2024-06-01 00:53:13.388,40.84564,40.247444
2024-06-01 00:53:13.900,40.84564,40.244255
2024-06-01 00:53:14.412,40.84564,40.23777
2024-06-01 00:53:14.924,40.84564,40.2176
2024-06-01 00:53:15.436,40.916476,40.19613
2024-06-01 00:53:15.948,40.916476,40.179924
2024-06-01 00:54:21.995,40.916476,40.20191
2024-06-01 00:54:22.507,40.916476,40.208336
2024-06-01 00:54:23.019,40.84564,40.213924
2024-06-01 00:54:23.531,40.84564,40.22469
2024-06-01 00:54:24.043,40.84564,40.250298
2024-06-01 00:54:24.555,40.84564,40.293114
2024-06-01 00:54:25.067,40.84564,40.348534
2024-06-01 00:54:25.579,40.84564,40.389008
2024-06-01 00:54:26.091,40.84564,40.41279
2024-06-01 00:54:26.603,40.84564,40.42798
2024-06-01 00:54:27.115,40.916476,40.42685
2024-06-01 00:54:27.627,40.916476,40.428047
2024-06-01 00:54:28.139,40.916476,40.429325
2024-06-01 00:54:28.651,40.916476,40.43116
2024-06-01 00:54:29.163,40.84564,40.435303
2024-06-01 00:54:29.675,40.84564,40.435944
2024-06-01 00:54:30.187,40.84564,40.436195
2024-06-01 00:54:30.699,40.84564,40.431118
2024-06-01 00:54:31.211,40.84564,40.42638
2024-06-01 00:54:31.723,40.84564,40.42788
2024-06-01 00:54:32.235,40.84564,40.42833
2024-06-01 00:54:32.747,40.84564,40.428905
2024-06-01 00:54:33.259,40.916476,40.429047
2024-06-01 00:54:33.771,40.916476,40.43157
2024-06-01 00:54:34.283,40.916476,40.434246
2024-06-01 00:54:34.795,40.916476,40.436363
2024-06-01 00:54:35.307,40.84564,40.438026
2024-06-01 00:54:35.819,40.84564,40.42534
2024-06-01 00:54:36.331,40.84564,40.41848
2024-06-01 00:54:36.843,40.84564,40.427937
2024-06-01 00:54:37.355,40.916476,40.4335
2024-06-01 00:54:37.867,40.916476,40.43503
2024-06-01 00:55:43.914,40.916476,40.43562
2024-06-01 00:55:44.426,40.916476,40.436058
2024-06-01 00:55:44.938,40.916476,40.437904
2024-06-01 00:55:45.450,40.916476,40.43521
2024-06-01 00:55:45.962,40.916476,40.432114
2024-06-01 00:55:46.474,40.916476,40.429947
2024-06-01 00:55:46.986,40.84564,40.427128
2024-06-01 00:55:47.498,40.84564,40.425488
2024-06-01 00:55:48.010,40.84564,40.424427
2024-06-01 00:55:48.522,40.84564,40.424076
2024-06-01 00:55:49.034,40.84564,40.424393
2024-06-01 00:55:49.546,40.84564,40.42034
2024-06-01 00:55:50.058,40.84564,40.418633
2024-06-01 00:55:50.570,40.84564,40.422424
2024-06-01 00:55:51.082,40.84564,40.42517
2024-06-01 00:55:51.594,40.84564,40.425156
2024-06-01 00:55:52.106,40.84564,40.42459
2024-06-01 00:55:52.618,40.84564,40.423996
2024-06-01 00:55:53.130,40.916476,40.423313
2024-06-01 00:55:53.642,40.916476,40.422302
2024-06-01 00:55:54.154,40.916476,40.421326
2024-06-01 00:55:54.666,40.916476,40.420815
2024-06-01 00:55:55.178,40.916476,40.420586
2024-06-01 00:55:55.690,40.916476,40.42038
2024-06-01 00:55:56.202,40.916476,40.42038
2024-06-01 00:55:56.714,40.916476,40.42038
2024-06-01 00:55:57.226,40.84564,40.42189
2024-06-01 00:55:57.738,40.84564,40.41472
2024-06-01 00:55:58.250,40.84564,40.409542
2024-06-01 00:55:58.762,40.84564,40.4105
2024-06-01 00:55:59.274,40.84564,40.409134
2024-06-01 00:55:59.786,40.84564,40.40864
2024-06-01 00:57:05.833,40.84564,40.407944
2024-06-01 00:57:06.345,40.84564,40.405746
2024-06-01 00:57:06.857,40.84564,40.40417
2024-06-01 00:57:07.369,40.84564,40.40309
2024-06-01 00:57:07.881,40.84564,40.402493
2024-06-01 00:57:08.393,40.84564,40.401955
2024-06-01 00:57:08.905,40.916476,40.40146
2024-06-01 00:57:09.417,40.916476,40.400894
2024-06-01 00:57:09.929,40.916476,40.400314
2024-06-01 00:57:10.441,40.916476,40.399803
2024-06-01 00:57:10.953,40.84564,40.39785
2024-06-01 00:57:11.465,40.84564,40.39621
2024-06-01 00:57:11.977,40.84564,40.396713
2024-06-01 00:57:12.489,40.84564,40.40282
2024-06-01 00:57:13.001,40.84564,40.40654
2024-06-01 00:57:13.513,40.84564,40.411697
2024-06-01 00:57:14.025,40.84564,40.416534
2024-06-01 00:57:14.537,40.84564,40.42044
2024-06-01 00:57:15.049,40.916476,40.424942
2024-06-01 00:57:15.561,40.916476,40.425255
2024-06-01 00:57:16.073,40.916476,40.42424
2024-06-01 00:57:16.585,40.916476,40.423134
2024-06-01 00:57:17.097,40.84564,40.42102
2024-06-01 00:57:17.609,40.84564,40.420017
2024-06-01 00:57:18.121,40.84564,40.41898
2024-06-01 00:57:18.633,40.84564,40.418507
2024-06-01 00:57:19.145,40.84564,40.417824
2024-06-01 00:57:19.657,40.84564,40.419434
2024-06-01 00:57:20.169,40.84564,40.42163
2024-06-01 00:57:20.681,40.84564,40.42348
2024-06-01 00:57:21.193,40.916476,40.426468
2024-06-01 00:57:21.705,40.916476,40.42578
2024-06-01 00:58:27.752,40.916476,40.42439
2024-06-01 00:58:28.264,40.916476,40.411995
2024-06-01 00:58:28.776,40.633132,40.415882
2024-06-01 00:58:29.288,40.633132,40.429207
2024-06-01 00:58:29.800,40.633132,40.4397
2024-06-01 00:58:30.312,40.633132,40.438595
2024-06-01 00:58:30.824,40.633132,40.435905
2024-06-01 00:58:31.336,40.633132,40.435898
2024-06-01 00:58:31.848,40.633132,40.43957
2024-06-01 00:58:32.360,40.633132,40.45147
2024-06-01 00:58:32.872,40.633132,40.48767
2024-06-01 00:58:33.384,40.633132,40.48169
2024-06-01 00:58:33.896,40.633132,40.476555
2024-06-01 00:58:34.408,40.633132,40.477497
2024-06-01 00:58:34.920,40.633132,40.476185
2024-06-01 00:58:35.432,40.633132,40.48468
2024-06-01 00:58:35.944,40.633132,40.487976
2024-06-01 00:58:36.456,40.633132,40.489784
2024-06-01 00:58:36.968,40.562296,40.491695
2024-06-01 00:58:37.480,40.562296,40.489525
2024-06-01 00:58:37.992,40.562296,40.49207
2024-06-01 00:58:38.504,40.562296,40.499626
2024-06-01 00:58:39.016,40.633132,40.50432
2024-06-01 00:58:39.528,40.633132,40.503094
2024-06-01 00:58:40.040,40.633132,40.50113
2024-06-01 00:58:40.552,40.633132,40.499554
2024-06-01 00:58:41.064,40.633132,40.498634
2024-06-01 00:58:41.576,40.633132,40.498238
2024-06-01 00:58:42.088,40.633132,40.49784
2024-06-01 00:58:42.600,40.633132,40.48822
2024-06-01 00:58:43.112,40.633132,40.483723
2024-06-01 00:58:43.624,40.633132,40.48348
2024-06-01 00:59:49.672,40.633132,40.482944
2024-06-01 00:59:50.184,40.633132,40.51499
2024-06-01 00:59:50.696,40.633132,40.522354
2024-06-01 00:59:51.208,40.633132,40.543823
2024-06-01 00:59:51.720,40.633132,40.561066
2024-06-01 00:59:52.232,40.633132,40.576305
2024-06-01 00:59:52.744,40.633132,40.59238
2024-06-01 00:59:53.255,40.633132,40.602562
2024-06-01 00:59:53.767,40.633132,40.62114
2024-06-01 00:59:54.279,40.633132,40.644173
2024-06-01 00:59:54.791,40.562296,40.65792
2024-06-01 00:59:55.303,40.562296,40.664066
2024-06-01 00:59:55.815,40.562296,40.660988
2024-06-01 00:59:56.327,40.562296,40.66255
2024-06-01 00:59:56.839,40.633132,40.66278
2024-06-01 00:59:57.351,40.633132,40.662724
2024-06-01 00:59:57.863,40.633132,40.662262
2024-06-01 00:59:58.375,40.633132,40.661133
2024-06-01 00:59:58.887,40.633132,40.66002
2024-06-01 00:59:59.399,40.633132,40.659252
2024-06-01 00:59:59.911,40.633132,40.65981
2024-06-01 01:00:00.423,40.633132,40.659985
2024-06-01 01:00:00.935,40.633132,40.659904
2024-06-01 01:00:01.447,40.633132,40.659904
2024-06-01 01:00:01.959,40.633132,40.659904
2024-06-01 01:00:02.471,40.633132,40.659904
2024-06-01 01:00:02.983,40.562296,40.661686
2024-06-01 01:00:03.495,40.562296,40.65734
2024-06-01 01:00:04.007,40.562296,40.65481
2024-06-01 01:00:04.519,40.562296,40.656925
2024-06-01 01:00:05.031,40.562296,40.653717
2024-06-01 01:00:05.543,40.562296,40.64992
2024-06-01 01:01:11.591,40.562296,40.640793
2024-06-01 01:01:12.103,40.562296,40.65302
2024-06-01 01:01:12.615,40.562296,40.65251
2024-06-01 01:01:13.127,40.562296,40.66083
2024-06-01 01:01:13.639,40.562296,40.668568
2024-06-01 01:01:14.151,40.562296,40.676785
2024-06-01 01:01:14.663,40.562296,40.69444
2024-06-01 01:01:15.175,40.562296,40.702305
2024-06-01 01:01:15.687,40.562296,40.70823
2024-06-01 01:01:16.199,40.562296,40.71537
2024-06-01 01:01:16.711,40.562296,40.71273
2024-06-01 01:01:17.223,40.562296,40.713215
2024-06-01 01:01:17.735,40.562296,40.71283
2024-06-01 01:01:18.247,40.562296,40.704483
2024-06-01 01:01:18.759,40.562296,40.705647
2024-06-01 01:01:19.271,40.562296,40.703793
2024-06-01 01:01:19.783,40.562296,40.703133
2024-06-01 01:01:20.295,40.562296,40.706688
2024-06-01 01:01:20.807,40.562296,40.70293
2024-06-01 01:01:21.319,40.562296,40.702877
2024-06-01 01:01:21.831,40.562296,40.70244
2024-06-01 01:01:22.343,40.562296,40.70585
2024-06-01 01:01:22.855,40.562296,40.707245
2024-06-01 01:01:23.367,40.562296,40.708298
2024-06-01 01:01:23.879,40.562296,40.709633
2024-06-01 01:01:24.391,40.562296,40.70294
2024-06-01 01:01:24.903,40.562296,40.705788
2024-06-01 01:01:25.415,40.562296,40.71313
2024-06-01 01:01:25.926,40.562296,40.715977
2024-06-01 01:01:26.438,40.562296,40.71356
2024-06-01 01:01:26.950,40.562296,40.71252
2024-06-01 01:01:27.462,40.562296,40.703815
2024-06-01 01:02:33.510,40.562296,40.694054
2024-06-01 01:02:34.022,40.562296,40.701397
2024-06-01 01:02:34.534,40.562296,40.703445
2024-06-01 01:02:35.046,40.562296,40.700287
2024-06-01 01:02:35.558,40.562296,40.6989
2024-06-01 01:02:36.070,40.562296,40.693832
2024-06-01 01:02:36.582,40.562296,40.687935
2024-06-01 01:02:37.094,40.562296,40.692528
2024-06-01 01:02:37.606,40.562296,40.693554
2024-06-01 01:02:38.118,40.562296,40.69054
2024-06-01 01:02:38.630,40.562296,40.69028
2024-06-01 01:02:39.142,40.562296,40.676964
2024-06-01 01:02:39.654,40.562296,40.67048
2024-06-01 01:02:40.166,40.562296,40.674885
2024-06-01 01:02:40.678,40.562296,40.67366
2024-06-01 01:02:41.190,40.562296,40.6747
2024-06-01 01:02:41.702,40.562296,40.67514
2024-06-01 01:02:42.214,40.562296,40.677685
2024-06-01 01:02:42.726,40.562296,40.683468
2024-06-01 01:02:43.238,40.562296,40.68424
2024-06-01 01:02:43.750,40.562296,40.684025
2024-06-01 01:02:44.262,40.562296,40.6904
2024-06-01 01:02:44.774,40.562296,40.692245
2024-06-01 01:02:45.286,40.562296,40.690277
2024-06-01 01:02:45.798,40.562296,40.68992
2024-06-01 01:02:46.310,40.562296,40.68595
2024-06-01 01:02:46.822,40.562296,40.686935
2024-06-01 01:02:47.334,40.562296,40.68558
2024-06-01 01:02:47.846,40.562296,40.685005
2024-06-01 01:02:48.358,40.562296,40.684753
2024-06-01 01:02:48.870,40.562296,40.681973
2024-06-01 01:02:49.382,40.562296,40.673283
2024-06-01 01:03:55.429,40.562296,40.67113
2024-06-01 01:03:55.941,40.562296,40.67689
2024-06-01 01:03:56.453,40.562296,40.681618
2024-06-01 01:03:56.965,40.562296,40.68338
2024-06-01 01:03:57.477,40.562296,40.684822
2024-06-01 01:03:57.989,40.562296,40.690056
2024-06-01 01:03:58.501,40.562296,40.690445
2024-06-01 01:03:59.013,40.562296,40.696285
2024-06-01 01:03:59.525,40.562296,40.699345
2024-06-01 01:04:00.037,40.562296,40.69391
2024-06-01 01:04:00.549,40.562296,40.69171
2024-06-01 01:04:01.061,40.562296,40.6784
2024-06-01 01:04:01.573,40.562296,40.6728
2024-06-01 01:04:02.085,40.562296,40.673626
2024-06-01 01:04:02.597,40.562296,40.67928
2024-06-01 01:04:03.109,40.562296,40.672226
2024-06-01 01:04:03.621,40.562296,40.668335
2024-06-01 01:04:04.133,40.562296,40.67246
2024-06-01 01:04:04.645,40.562296,40.67585
2024-06-01 01:04:05.157,40.562296,40.67656
2024-06-01 01:04:05.669,40.562296,40.676228
2024-06-01 01:04:06.181,40.562296,40.672913
2024-06-01 01:04:06.693,40.562296,40.668823
2024-06-01 01:04:07.205,40.562296,40.663185
2024-06-01 01:04:07.717,40.562296,40.660934
2024-06-01 01:04:08.229,40.562296,40.660248
2024-06-01 01:04:08.741,40.562296,40.66226
2024-06-01 01:04:09.253,40.562296,40.668846
2024-06-01 01:04:09.765,40.562296,40.671364
2024-06-01 01:04:10.277,40.562296,40.668716
2024-06-01 01:04:10.789,40.562296,40.670403
2024-06-01 01:04:11.301,40.562296,40.670708
2024-06-01 01:05:17.348,40.562296,40.676765
2024-06-01 01:05:17.860,40.562296,40.658363
2024-06-01 01:05:18.372,40.49146,40.66989
2024-06-01 01:05:18.884,40.49146,40.67704
2024-06-01 01:05:19.396,40.49146,40.675507
2024-06-01 01:05:19.908,40.49146,40.668537
2024-06-01 01:05:20.420,40.49146,40.64525
2024-06-01 01:05:20.932,40.49146,40.628044
2024-06-01 01:05:21.444,40.49146,40.611954
2024-06-01 01:05:21.956,40.49146,40.60319
2024-06-01 01:05:22.468,40.49146,40.599308
2024-06-01 01:05:22.980,40.49146,40.589653
2024-06-01 01:05:23.492,40.49146,40.599552
2024-06-01 01:05:24.004,40.49146,40.61815
2024-06-01 01:05:24.516,40.49146,40.633377
2024-06-01 01:05:25.028,40.49146,40.640152
2024-06-01 01:05:25.540,40.49146,40.640144
2024-06-01 01:05:26.052,40.49146,40.620712
2024-06-01 01:05:26.564,40.49146,40.614162
2024-06-01 01:05:27.076,40.49146,40.62386
2024-06-01 01:05:27.588,40.49146,40.624607
2024-06-01 01:05:28.100,40.49146,40.618767
2024-06-01 01:05:28.612,40.49146,40.612206
2024-06-01 01:05:29.124,40.49146,40.616882
2024-06-01 01:05:29.636,40.49146,40.620182
2024-06-01 01:05:30.148,40.49146,40.622944
2024-06-01 01:05:30.660,40.49146,40.625458
2024-06-01 01:05:31.172,40.49146,40.62301
2024-06-01 01:05:31.684,40.49146,40.623558
2024-06-01 01:05:32.196,40.49146,40.628845
2024-06-01 01:05:32.708,40.49146,40.633583
2024-06-01 01:05:33.220,40.49146,40.627
2024-06-01 01:06:39.267,40.49146,40.62462
2024-06-01 01:06:39.779,40.49146,40.619534
2024-06-01 01:06:40.291,40.49146,40.615368
2024-06-01 01:06:40.803,40.49146,40.61971
2024-06-01 01:06:41.315,40.49146,40.6191
2024-06-01 01:06:41.827,40.49146,40.594376
2024-06-01 01:06:42.339,40.49146,40.58215
2024-06-01 01:06:42.851,40.49146,40.573784
2024-06-01 01:06:43.363,40.49146,40.561615
2024-06-01 01:06:43.875,40.49146,40.550056
2024-06-01 01:06:44.387,40.420624,40.544525
2024-06-01 01:06:44.899,40.420624,40.53225
2024-06-01 01:06:45.411,40.420624,40.524193
2024-06-01 01:06:45.923,40.420624,40.527534
2024-06-01 01:06:46.435,40.420624,40.529556
2024-06-01 01:06:46.947,40.420624,40.528008
2024-06-01 01:06:47.459,40.420624,40.5316
2024-06-01 01:06:47.971,40.420624,40.53077
2024-06-01 01:06:48.483,40.420624,40.532433
2024-06-01 01:06:48.995,40.420624,40.53488
2024-06-01 01:06:49.507,40.420624,40.533054
2024-06-01 01:06:50.019,40.420624,40.530407
2024-06-01 01:06:50.531,40.49146,40.52619
2024-06-01 01:06:51.043,40.49146,40.51996
2024-06-01 01:06:51.555,40.49146,40.518417
2024-06-01 01:06:52.067,40.49146,40.526394
2024-06-01 01:06:52.579,40.420624,40.532665
2024-06-01 01:06:53.091,40.420624,40.52964
2024-06-01 01:06:53.603,40.420624,40.528484
2024-06-01 01:06:54.115,40.420624,40.53244
2024-06-01 01:06:54.627,40.420624,40.532627
2024-06-01 01:06:55.139,40.420624,40.531204
2024-06-01 01:08:01.186,40.420624,40.527805
2024-06-01 01:08:01.698,40.420624,40.530403
2024-06-01 01:08:02.210,40.420624,40.52872
2024-06-01 01:08:02.722,40.420624,40.520714
2024-06-01 01:08:03.234,40.420624,40.52199
2024-06-01 01:08:03.746,40.420624,40.5236
2024-06-01 01:08:04.258,40.420624,40.524963
2024-06-01 01:08:04.770,40.420624,40.518555
2024-06-01 01:08:05.282,40.420624,40.508488
2024-06-01 01:08:05.794,40.420624,40.5059
2024-06-01 01:08:06.306,40.420624,40.5085
2024-06-01 01:08:06.818,40.420624,40.505775
2024-06-01 01:08:07.330,40.420624,40.50278
2024-06-01 01:08:07.842,40.420624,40.50026
2024-06-01 01:08:08.354,40.420624,40.49855
2024-06-01 01:08:08.866,40.420624,40.510506
2024-06-01 01:08:09.378,40.420624,40.517525
2024-06-01 01:08:09.890,40.420624,40.503918
2024-06-01 01:08:10.402,40.420624,40.49954
2024-06-01 01:08:10.914,40.420624,40.498486
2024-06-01 01:08:11.426,40.420624,40.496758
2024-06-01 01:08:11.938,40.420624,40.494892
2024-06-01 01:08:12.450,40.420624,40.49
2024-06-01 01:08:12.962,40.420624,40.491676
2024-06-01 01:08:13.474,40.420624,40.490654
2024-06-01 01:08:13.986,40.420624,40.489876
2024-06-01 01:08:14.498,40.420624,40.490036
2024-06-01 01:08:15.010,40.420624,40.490486
2024-06-01 01:08:15.522,40.420624,40.49554
2024-06-01 01:08:16.034,40.420624,40.500748
2024-06-01 01:08:16.546,40.420624,40.504692
2024-06-01 01:08:17.058,40.420624,40.514553
2024-06-01 01:09:23.105,40.420624,40.518185
2024-06-01 01:09:23.617,40.420624,40.521744
2024-06-01 01:09:24.129,40.420624,40.525837
2024-06-01 01:09:24.641,40.420624,40.523533
2024-06-01 01:09:25.153,40.420624,40.52375
2024-06-01 01:09:25.665,40.420624,40.52485
2024-06-01 01:09:26.177,40.420624,40.526253
2024-06-01 01:09:26.689,40.420624,40.523373
2024-06-01 01:09:27.201,40.420624,40.52044
2024-06-01 01:09:27.713,40.420624,40.518593
2024-06-01 01:09:28.225,40.420624,40.514664
2024-06-01 01:09:28.737,40.420624,40.51126
2024-06-01 01:09:29.249,40.420624,40.510124
2024-06-01 01:09:29.761,40.420624,40.513416
2024-06-01 01:09:30.273,40.420624,40.514847
2024-06-01 01:09:30.785,40.420624,40.515984
2024-06-01 01:09:31.297,40.420624,40.51715
2024-06-01 01:09:31.809,40.420624,40.51822
2024-06-01 01:09:32.321,40.420624,40.521095
2024-06-01 01:09:32.833,40.420624,40.519985
2024-06-01 01:09:33.345,40.420624,40.51833
2024-06-01 01:09:33.857,40.420624,40.52089
2024-06-01 01:09:34.369,40.420624,40.51808
2024-06-01 01:09:34.881,40.420624,40.515396
2024-06-01 01:09:35.393,40.420624,40.51394
2024-06-01 01:09:35.905,40.420624,40.51271
2024-06-01 01:09:36.417,40.420624,40.51393
2024-06-01 01:09:36.929,40.420624,40.51658
2024-06-01 01:09:37.441,40.420624,40.521965
2024-06-01 01:09:37.953,40.420624,40.522392
2024-06-01 01:09:38.465,40.420624,40.523582
2024-06-01 01:09:38.977,40.420624,40.52693
2024-06-01 01:10:45.024,40.420624,40.52401
2024-06-01 01:10:45.536,40.420624,40.525288
2024-06-01 01:10:46.048,40.349788,40.523285
2024-06-01 01:10:46.560,40.349788,40.513897
2024-06-01 01:10:47.072,40.349788,40.513218
2024-06-01 01:10:47.584,40.349788,40.518517
2024-06-01 01:10:48.096,40.420624,40.523518
2024-06-01 01:10:48.608,40.420624,40.526325
2024-06-01 01:10:49.120,40.420624,40.526825
2024-06-01 01:10:49.632,40.420624,40.5184
2024-06-01 01:10:50.144,40.420624,40.51551
2024-06-01 01:10:50.656,40.420624,40.51671
2024-06-01 01:10:51.168,40.420624,40.513996
2024-06-01 01:10:51.680,40.420624,40.51039
2024-06-01 01:10:52.192,40.420624,40.506866
2024-06-01 01:10:52.704,40.420624,40.50107
2024-06-01 01:10:53.216,40.420624,40.49743
2024-06-01 01:10:53.728,40.420624,40.50346
2024-06-01 01:10:54.240,40.420624,40.503704
2024-06-01 01:10:54.752,40.420624,40.501328
2024-06-01 01:10:55.264,40.420624,40.501945
2024-06-01 01:10:55.776,40.420624,40.50281
2024-06-01 01:10:56.288,40.420624,40.50425
2024-06-01 01:10:56.800,40.420624,40.5063
2024-06-01 01:10:57.312,40.420624,40.510624
2024-06-01 01:10:57.824,40.420624,40.514442
2024-06-01 01:10:58.336,40.420624,40.51692
2024-06-01 01:10:58.848,40.420624,40.525963
2024-06-01 01:10:59.360,40.420624,40.529263
2024-06-01 01:10:59.872,40.420624,40.52748
2024-06-01 01:11:00.384,40.420624,40.527645
2024-06-01 01:11:00.896,40.420624,40.52439
2024-06-01 01:12:06.944,40.420624,40.524193
2024-06-01 01:12:07.456,40.420624,40.533398
2024-06-01 01:12:07.968,40.349788,40.538113
2024-06-01 01:12:08.480,40.349788,40.541225
2024-06-01 01:12:08.992,40.349788,40.541744
2024-06-01 01:12:09.504,40.349788,40.542484
2024-06-01 01:12:10.016,40.349788,40.545
2024-06-01 01:12:10.528,40.349788,40.541393
2024-06-01 01:12:11.040,40.349788,40.539528
2024-06-01 01:12:11.552,40.349788,40.528942
2024-06-01 01:12:12.064,40.349788,40.523254
2024-06-01 01:12:12.575,40.349788,40.51669
2024-06-01 01:12:13.087,40.349788,40.51001
2024-06-01 01:12:13.599,40.349788,40.503513
2024-06-01 01:12:14.111,40.349788,40.497234
2024-06-01 01:12:14.623,40.349788,40.495544
2024-06-01 01:12:15.135,40.349788,40.494156
2024-06-01 01:12:15.647,40.349788,40.497246
2024-06-01 01:12:16.159,40.349788,40.497757
2024-06-01 01:12:16.671,40.349788,40.503876
2024-06-01 01:12:17.183,40.349788,40.509613
2024-06-01 01:12:17.695,40.349788,40.514393
2024-06-01 01:12:18.207,40.349788,40.518612
2024-06-01 01:12:18.719,40.349788,40.51816
2024-06-01 01:12:19.231,40.349788,40.51982
2024-06-01 01:12:19.743,40.349788,40.517464
2024-06-01 01:12:20.255,40.349788,40.516914
2024-06-01 01:12:20.767,40.349788,40.52109
2024-06-01 01:12:21.279,40.349788,40.520985
2024-06-01 01:12:21.791,40.349788,40.515957
2024-06-01 01:12:22.303,40.349788,40.513977
2024-06-01 01:12:22.815,40.349788,40.506638
2024-06-01 01:13:28.863,40.349788,40.502464
2024-06-01 01:13:29.375,40.349788,40.52588
2024-06-01 01:13:29.887,40.420624,40.530293
2024-06-01 01:13:30.399,40.420624,40.54608
2024-06-01 01:13:30.911,40.420624,40.55787
2024-06-01 01:13:31.423,40.420624,40.568146
2024-06-01 01:13:31.935,40.349788,40.580437
2024-06-01 01:13:32.447,40.349788,40.58765
2024-06-01 01:13:32.959,40.349788,40.59974
2024-06-01 01:13:33.471,40.349788,40.61097
2024-06-01 01:13:33.983,40.349788,40.621395
2024-06-01 01:13:34.495,40.349788,40.62056
2024-06-01 01:13:35.007,40.349788,40.61321
2024-06-01 01:13:35.519,40.349788,40.60708
2024-06-01 01:13:36.031,40.420624,40.603065
2024-06-01 01:13:36.543,40.420624,40.60567
2024-06-01 01:13:37.055,40.420624,40.605335
2024-06-01 01:13:37.567,40.420624,40.60787
2024-06-01 01:13:38.079,40.349788,40.604103
2024-06-01 01:13:38.591,40.349788,40.605953
2024-06-01 01:13:39.103,40.349788,40.609886
2024-06-01 01:13:39.615,40.349788,40.61326
2024-06-01 01:13:40.127,40.420624,40.617764
2024-06-01 01:13:40.639,40.420624,40.62032
2024-06-01 01:13:41.151,40.420624,40.624847
2024-06-01 01:13:41.663,40.420624,40.629547
2024-06-01 01:13:42.175,40.420624,40.633686
2024-06-01 01:13:42.687,40.420624,40.63318
2024-06-01 01:13:43.199,40.420624,40.62962
2024-06-01 01:13:43.711,40.420624,40.618355
2024-06-01 01:13:44.223,40.349788,40.611652
2024-06-01 01:13:44.735,40.349788,40.606464
2024-06-01 01:13:57.022,40.349788,40.601498
2024-06-01 01:13:57.534,40.349788,40.602245
2024-06-01 01:13:58.046,40.349788,40.622368
2024-06-01 01:13:58.558,40.420624,40.626118
2024-06-01 01:13:59.070,40.420624,40.633686
2024-06-01 01:13:59.582,40.420624,40.64202
2024-06-01 01:14:00.094,40.420624,40.648857
2024-06-01 01:14:00.606,40.420624,40.657955
2024-06-01 01:14:01.118,40.420624,40.674362
2024-06-01 01:14:01.630,40.420624,40.687733
2024-06-01 01:14:02.142,40.420624,40.691334
2024-06-01 01:14:02.654,40.420624,40.69609
2024-06-01 01:14:03.166,40.420624,40.70263
2024-06-01 01:14:03.678,40.420624,40.705315
2024-06-01 01:14:04.190,40.420624,40.703453
2024-06-01 01:14:04.702,40.420624,40.705482
2024-06-01 01:14:05.214,40.420624,40.70145
2024-06-01 01:14:05.726,40.420624,40.698536
2024-06-01 01:14:06.238,40.420624,40.69624
2024-06-01 01:14:06.750,40.420624,40.69413
2024-06-01 01:14:07.262,40.420624,40.695793
2024-06-01 01:14:07.774,40.420624,40.695892
2024-06-01 01:14:08.286,40.420624,40.6918
2024-06-01 01:14:08.798,40.420624,40.685318
2024-06-01 01:14:09.310,40.420624,40.683933
2024-06-01 01:14:09.822,40.420624,40.68418
2024-06-01 01:14:10.334,40.420624,40.68827
2024-06-01 01:14:10.846,40.420624,40.692722
2024-06-01 01:14:11.358,40.420624,40.6985
2024-06-01 01:14:11.870,40.420624,40.702103
2024-06-01 01:14:12.382,40.420624,40.705124
2024-06-01 01:14:12.894,40.420624,40.705208
2024-06-01 01:14:13.406,40.420624,40.702843
2024-06-01 01:14:13.918,40.420624,40.70123
2024-06-01 01:14:14.430,40.420624,40.696266
2024-06-01 01:14:14.942,40.420624,40.698288
2024-06-01 01:14:15.454,40.420624,40.693073
2024-06-01 01:14:15.966,40.420624,40.69039
2024-06-01 01:14:16.478,40.420624,40.69232
2024-06-01 01:14:16.990,40.420624,40.690212
2024-06-01 01:14:17.502,40.420624,40.689613
2024-06-01 01:14:18.014,40.420624,40.682816
2024-06-01 01:14:18.526,40.420624,40.684948
2024-06-01 01:14:19.038,40.420624,40.690483
2024-06-01 01:14:19.550,40.420624,40.691147
2024-06-01 01:14:20.062,40.420624,40.69265
2024-06-01 01:14:20.574,40.420624,40.694534
2024-06-01 01:14:21.086,40.420624,40.696735
2024-06-01 01:14:21.598,40.420624,40.683243
2024-06-01 01:14:22.110,40.420624,40.677536
2024-06-01 01:14:22.622,40.420624,40.68576
2024-06-01 01:14:23.134,40.420624,40.68248
2024-06-01 01:14:23.646,40.420624,40.68209
2024-06-01 01:14:24.158,40.420624,40.68233
2024-06-01 01:14:24.670,40.420624,40.67504
2024-06-01 01:14:25.182,40.349788,40.67452
2024-06-01 01:14:25.694,40.349788,40.669403
2024-06-01 01:14:26.206,40.349788,40.666878
2024-06-01 01:14:26.718,40.349788,40.6775
2024-06-01 01:14:27.230,40.420624,40.682285
2024-06-01 01:14:27.742,40.420624,40.68836
2024-06-01 01:14:28.254,40.420624,40.690815
2024-06-01 01:14:28.766,40.420624,40.69233
2024-06-01 01:14:29.278,40.349788,40.696026
2024-06-01 01:14:29.790,40.349788,40.669968
2024-06-01 01:14:30.302,40.349788,40.659714
2024-06-01 01:14:30.814,40.349788,40.665615
2024-06-01 01:14:31.326,40.349788,40.669537
2024-06-01 01:14:31.838,40.349788,40.672726
2024-06-01 01:14:32.350,40.349788,40.672672
2024-06-01 01:14:32.862,40.349788,40.66797
2024-06-01 01:14:33.374,40.349788,40.66307
2024-06-01 01:14:33.886,40.349788,40.6611
2024-06-01 01:14:34.398,40.349788,40.662567
2024-06-01 01:14:34.910,40.349788,40.6595
2024-06-01 01:14:35.422,40.349788,40.662773
2024-06-01 01:14:35.934,40.349788,40.661827
2024-06-01 01:14:36.446,40.349788,40.661263
2024-06-01 01:14:36.958,40.349788,40.66798
2024-06-01 01:14:37.470,40.349788,40.66804
2024-06-01 01:14:37.982,40.349788,40.65299
2024-06-01 01:14:38.494,40.349788,40.64525
2024-06-01 01:14:39.006,40.349788,40.65461
2024-06-01 01:14:39.518,40.349788,40.658432
2024-06-01 01:14:40.030,40.349788,40.66024
2024-06-01 01:14:40.542,40.349788,40.662407
2024-06-01 01:14:41.054,40.349788,40.66432
2024-06-01 01:14:41.566,40.349788,40.666252
2024-06-01 01:14:42.078,40.349788,40.664276
2024-06-01 01:14:42.590,40.349788,40.663647
2024-06-01 01:14:43.102,40.349788,40.66709
2024-06-01 01:14:43.614,40.349788,40.668163
2024-06-01 01:14:44.126,40.349788,40.672424
2024-06-01 01:14:44.638,40.349788,40.674355
2024-06-01 01:14:45.150,40.349788,40.667873
2024-06-01 01:14:45.662,40.349788,40.667675
2024-06-01 01:14:46.174,40.349788,40.65497
2024-06-01 01:14:46.686,40.349788,40.64911
2024-06-01 01:14:47.198,40.349788,40.66015
2024-06-01 01:14:47.710,40.349788,40.661125
2024-06-01 01:14:48.222,40.349788,40.661903
2024-06-01 01:14:48.734,40.349788,40.661972
2024-06-01 01:14:49.246,40.349788,40.66246
2024-06-01 01:14:49.758,40.420624,40.663696
2024-06-01 01:14:50.270,40.420624,40.665146
2024-06-01 01:14:50.782,40.420624,40.67053
2024-06-01 01:14:51.294,40.420624,40.667957
2024-06-01 01:14:51.806,40.349788,40.666847
2024-06-01 01:14:52.318,40.349788,40.674248
2024-06-01 01:14:52.830,40.349788,40.676743
2024-06-01 01:14:53.342,40.349788,40.67298
2024-06-01 01:14:53.854,40.349788,40.667736
2024-06-01 01:14:54.366,40.349788,40.66435
2024-06-01 01:14:54.878,40.349788,40.660763
2024-06-01 01:14:55.390,40.349788,40.656364
2024-06-01 01:14:55.902,40.349788,40.660942
2024-06-01 01:14:56.414,40.349788,40.64543
2024-06-01 01:14:56.926,40.349788,40.638172
2024-06-01 01:14:57.438,40.349788,40.649055
2024-06-01 01:14:57.950,40.349788,40.650723
2024-06-01 01:14:58.462,40.349788,40.647808
2024-06-01 01:14:58.974,40.349788,40.644554
2024-06-01 01:14:59.486,40.349788,40.645916
2024-06-01 01:14:59.998,40.349788,40.646652
2024-06-01 01:15:00.510,40.349788,40.651733
2024-06-01 01:15:01.022,40.349788,40.65689
2024-06-01 01:15:01.534,40.349788,40.656063
2024-06-01 01:15:02.046,40.349788,40.654373
2024-06-01 01:15:02.558,40.349788,40.655724
2024-06-01 01:15:03.070,40.349788,40.656464
2024-06-01 01:15:03.582,40.349788,40.66078
2024-06-01 01:15:04.094,40.349788,40.664715
2024-06-01 01:15:04.606,40.349788,40.6622
2024-06-01 01:15:05.118,40.349788,40.661552
2024-06-01 01:15:05.630,40.349788,40.65783
2024-06-01 01:15:06.142,40.349788,40.658394
2024-06-01 01:15:06.654,40.349788,40.641422
2024-06-01 01:15:07.166,40.349788,40.63164
2024-06-01 01:15:07.678,40.349788,40.639412
2024-06-01 01:15:08.190,40.349788,40.636196
2024-06-01 01:15:08.702,40.349788,40.63928
2024-06-01 01:15:09.214,40.349788,40.641014
2024-06-01 01:15:09.726,40.349788,40.64255
2024-06-01 01:15:10.238,40.349788,40.645287
2024-06-01 01:15:10.750,40.349788,40.648872
2024-06-01 01:15:11.262,40.349788,40.653812
2024-06-01 01:15:11.774,40.349788,40.661095
2024-06-01 01:15:12.286,40.349788,40.667065
2024-06-01 01:15:12.798,40.349788,40.66232
2024-06-01 01:15:13.310,40.349788,40.659103
2024-06-01 01:15:13.822,40.349788,40.657066
2024-06-01 01:15:14.334,40.349788,40.65547
2024-06-01 01:15:14.846,40.349788,40.653687
2024-06-01 01:15:15.358,40.349788,40.651447
2024-06-01 01:15:15.870,40.349788,40.641457
2024-06-01 01:15:16.382,40.349788,40.641342
2024-06-01 01:15:16.894,40.349788,40.63656
2024-06-01 01:15:17.405,40.349788,40.633118
2024-06-01 01:15:17.917,40.349788,40.641438
2024-06-01 01:15:18.429,40.349788,40.637787
2024-06-01 01:15:18.941,40.349788,40.633926
2024-06-01 01:15:19.453,40.349788,40.6316
2024-06-01 01:15:19.965,40.349788,40.638184
2024-06-01 01:15:20.477,40.349788,40.647343
2024-06-01 01:15:20.989,40.349788,40.64528
2024-06-01 01:15:21.501,40.349788,40.648273
2024-06-01 01:15:22.013,40.349788,40.650936
2024-06-01 01:15:22.525,40.349788,40.645424
2024-06-01 01:15:23.037,40.349788,40.647446
2024-06-01 01:15:23.549,40.349788,40.645668
2024-06-01 01:15:24.061,40.349788,40.63967
2024-06-01 01:15:24.573,40.349788,40.63813
2024-06-01 01:15:25.085,40.349788,40.640812
2024-06-01 01:15:25.597,40.349788,40.646683
2024-06-01 01:15:26.109,40.349788,40.64016
2024-06-01 01:15:26.621,40.349788,40.64278
2024-06-01 01:15:27.133,40.349788,40.642307
2024-06-01 01:15:27.645,40.349788,40.63771
2024-06-01 01:15:28.157,40.349788,40.65294
2024-06-01 01:15:28.669,40.349788,40.657753
2024-06-01 01:15:29.181,40.349788,40.650703
2024-06-01 01:15:29.693,40.349788,40.6475
2024-06-01 01:15:30.205,40.349788,40.64189
2024-06-01 01:15:30.717,40.349788,40.636345
2024-06-01 01:15:31.229,40.349788,40.63497
2024-06-01 01:15:31.741,40.349788,40.635628
2024-06-01 01:15:32.253,40.349788,40.635483
2024-06-01 01:15:32.765,40.349788,40.63493
2024-06-01 01:15:33.277,40.349788,40.64
2024-06-01 01:15:33.789,40.349788,40.64436
2024-06-01 01:15:34.301,40.349788,40.64814
2024-06-01 01:15:34.813,40.349788,40.65346
2024-06-01 01:15:35.325,40.349788,40.64437
2024-06-01 01:15:35.837,40.349788,40.639236
2024-06-01 01:15:36.349,40.349788,40.631947
2024-06-01 01:15:36.861,40.349788,40.63234
2024-06-01 01:15:37.373,40.349788,40.622578
2024-06-01 01:15:37.885,40.349788,40.613773
2024-06-01 01:15:38.397,40.349788,40.61773
2024-06-01 01:15:38.909,40.349788,40.612804
2024-06-01 01:15:39.421,40.349788,40.606224
2024-06-01 01:15:39.933,40.349788,40.60278
2024-06-01 01:15:40.445,40.349788,40.604034
2024-06-01 01:15:40.957,40.349788,40.6046
2024-06-01 01:15:41.469,40.349788,40.60116
2024-06-01 01:15:41.981,40.349788,40.604202
2024-06-01 01:15:42.493,40.349788,40.60692
2024-06-01 01:15:43.005,40.349788,40.610725
2024-06-01 01:15:43.517,40.349788,40.612736
2024-06-01 01:15:44.029,40.349788,40.61164
2024-06-01 01:15:44.541,40.349788,40.614315
2024-06-01 01:15:45.053,40.349788,40.61316
2024-06-01 01:15:45.565,40.349788,40.61351
2024-06-01 01:15:46.077,40.349788,40.6137
2024-06-01 01:15:46.589,40.349788,40.601646
2024-06-01 01:15:47.101,40.349788,40.599373
2024-06-01 01:15:47.613,40.349788,40.60311
2024-06-01 01:15:48.125,40.349788,40.604465
2024-06-01 01:15:48.637,40.349788,40.604416
2024-06-01 01:15:49.149,40.349788,40.600178
2024-06-01 01:15:49.661,40.349788,40.599716
2024-06-01 01:15:50.173,40.349788,40.59837
2024-06-01 01:15:50.685,40.349788,40.59771
2024-06-01 01:15:51.197,40.349788,40.59773
2024-06-01 01:15:51.709,40.349788,40.597687
2024-06-01 01:15:52.221,40.349788,40.6009
2024-06-01 01:15:52.733,40.349788,40.608284
2024-06-01 01:15:53.245,40.349788,40.61322
2024-06-01 01:15:53.757,40.349788,40.617302
2024-06-01 01:15:54.269,40.349788,40.618256
2024-06-01 01:15:54.781,40.349788,40.619133
2024-06-01 01:15:55.293,40.349788,40.620003
2024-06-01 01:15:55.805,40.349788,40.61669
2024-06-01 01:15:56.317,40.349788,40.61641
2024-06-01 01:15:56.829,40.349788,40.601265
2024-06-01 01:15:57.341,40.349788,40.597805
2024-06-01 01:15:57.853,40.349788,40.596954
2024-06-01 01:15:58.365,40.349788,40.591606
2024-06-01 01:15:58.877,40.349788,40.588287
2024-06-01 01:15:59.389,40.349788,40.576744
2024-06-01 01:15:59.901,40.349788,40.572083
2024-06-01 01:16:00.413,40.349788,40.563377
2024-06-01 01:16:00.925,40.349788,40.557144
2024-06-01 01:16:01.437,40.349788,40.557358
2024-06-01 01:16:01.949,40.349788,40.554607
2024-06-01 01:16:02.461,40.349788,40.562088
2024-06-01 01:16:02.973,40.349788,40.56991
2024-06-01 01:16:03.485,40.349788,40.5772
2024-06-01 01:16:03.997,40.349788,40.584286
2024-06-01 01:16:04.509,40.349788,40.585648
2024-06-01 01:16:05.021,40.349788,40.58689
2024-06-01 01:16:05.533,40.349788,40.586746
2024-06-01 01:16:06.045,40.349788,40.584843
2024-06-01 01:16:06.557,40.349788,40.583824
2024-06-01 01:16:07.069,40.349788,40.571144
2024-06-01 01:16:07.581,40.349788,40.571114
2024-06-01 01:16:08.093,40.349788,40.575813
2024-06-01 01:16:08.605,40.349788,40.57448
2024-06-01 01:16:09.117,40.349788,40.58043
2024-06-01 01:16:09.629,40.349788,40.57596
2024-06-01 01:16:10.141,40.349788,40.576607
2024-06-01 01:16:10.653,40.349788,40.574585
2024-06-01 01:16:11.165,40.349788,40.56415
2024-06-01 01:16:11.677,40.349788,40.55892
2024-06-01 01:16:12.189,40.349788,40.555065
2024-06-01 01:16:12.701,40.349788,40.561638
2024-06-01 01:16:13.213,40.349788,40.57232
2024-06-01 01:16:13.725,40.349788,40.578484
2024-06-01 01:16:14.237,40.349788,40.581776
2024-06-01 01:16:14.749,40.349788,40.580578
2024-06-01 01:16:15.261,40.349788,40.58062
2024-06-01 01:16:15.773,40.349788,40.584263
2024-06-01 01:16:16.285,40.349788,40.58818
2024-06-01 01:16:16.797,40.349788,40.589752
2024-06-01 01:16:17.309,40.349788,40.57792
2024-06-01 01:16:17.821,40.349788,40.57552
2024-06-01 01:16:18.333,40.349788,40.58566
2024-06-01 01:16:18.845,40.349788,40.58511
2024-06-01 01:16:19.357,40.349788,40.577374
2024-06-01 01:16:19.869,40.349788,40.56539
2024-06-01 01:16:20.381,40.349788,40.55642
2024-06-01 01:16:20.893,40.349788,40.55378
2024-06-01 01:16:21.405,40.349788,40.55243
2024-06-01 01:16:21.917,40.349788,40.55267
2024-06-01 01:16:22.429,40.349788,40.550888
2024-06-01 01:16:22.941,40.349788,40.555702
2024-06-01 01:16:23.453,40.349788,40.561512
2024-06-01 01:16:23.965,40.349788,40.566402
2024-06-01 01:16:24.477,40.349788,40.577133
2024-06-01 01:16:24.989,40.349788,40.578323
2024-06-01 01:16:25.501,40.349788,40.578712
2024-06-01 01:16:26.013,40.349788,40.580246
2024-06-01 01:16:26.525,40.349788,40.584263
2024-06-01 01:16:27.037,40.349788,40.588295
2024-06-01 01:16:27.549,40.349788,40.566154
2024-06-01 01:16:28.061,40.349788,40.559822
2024-06-01 01:16:28.573,40.349788,40.56748
2024-06-01 01:16:29.085,40.349788,40.56503
2024-06-01 01:16:29.597,40.349788,40.56037
2024-06-01 01:16:30.109,40.349788,40.550438
2024-06-01 01:16:30.621,40.349788,40.54094
2024-06-01 01:16:31.133,40.349788,40.53643
2024-06-01 01:16:31.645,40.349788,40.538597
2024-06-01 01:16:32.157,40.349788,40.538864
2024-06-01 01:16:32.669,40.349788,40.544205
2024-06-01 01:16:33.181,40.349788,40.55315
2024-06-01 01:16:33.693,40.349788,40.561646
2024-06-01 01:16:34.205,40.349788,40.570026
2024-06-01 01:16:34.717,40.349788,40.58291
2024-06-01 01:16:35.229,40.349788,40.588493
2024-06-01 01:16:35.741,40.349788,40.58873
2024-06-01 01:16:36.253,40.349788,40.59013
2024-06-01 01:16:36.765,40.349788,40.587563
2024-06-01 01:16:37.277,40.349788,40.585415
2024-06-01 01:16:37.789,40.349788,40.567467
2024-06-01 01:16:38.301,40.349788,40.563625
2024-06-01 01:16:38.813,40.349788,40.564644
2024-06-01 01:16:39.325,40.349788,40.559288
2024-06-01 01:16:39.837,40.349788,40.55724
2024-06-01 01:16:40.349,40.349788,40.546722
2024-06-01 01:16:40.861,40.349788,40.54834
2024-06-01 01:16:41.373,40.349788,40.54769
2024-06-01 01:16:41.885,40.349788,40.54709
2024-06-01 01:16:42.397,40.349788,40.547363
2024-06-01 01:16:42.909,40.349788,40.552086
2024-06-01 01:16:43.421,40.349788,40.56537
2024-06-01 01:16:43.933,40.349788,40.573708
2024-06-01 01:16:44.445,40.349788,40.582817
2024-06-01 01:16:44.957,40.349788,40.59173
2024-06-01 01:16:45.469,40.349788,40.59159
2024-06-01 01:16:45.981,40.349788,40.58736
2024-06-01 01:16:46.493,40.349788,40.586227
2024-06-01 01:16:47.005,40.349788,40.583443
2024-06-01 01:16:47.517,40.349788,40.580757
2024-06-01 01:16:48.029,40.349788,40.570183
2024-06-01 01:16:48.541,40.349788,40.56526
2024-06-01 01:16:49.053,40.349788,40.56347
2024-06-01 01:16:49.565,40.349788,40.55971
2024-06-01 01:16:50.076,40.349788,40.56427
2024-06-01 01:16:50.588,40.349788,40.563286
2024-06-01 01:16:51.100,40.349788,40.567017
2024-06-01 01:16:51.612,40.349788,40.570286
2024-06-01 01:16:52.124,40.349788,40.568916
2024-06-01 01:16:52.636,40.349788,40.56877
2024-06-01 01:16:53.148,40.349788,40.566673
2024-06-01 01:16:53.660,40.349788,40.568626
2024-06-01 01:16:54.172,40.349788,40.574844
2024-06-01 01:16:54.684,40.349788,40.57822
2024-06-01 01:16:55.196,40.349788,40.576935
2024-06-01 01:16:55.708,40.349788,40.57615
2024-06-01 01:16:56.220,40.349788,40.58067
2024-06-01 01:16:56.732,40.349788,40.583916
2024-06-01 01:16:57.244,40.349788,40.582577
2024-06-01 01:16:57.756,40.349788,40.581284
2024-06-01 01:16:58.268,40.349788,40.576088
2024-06-01 01:16:58.780,40.349788,40.576965
2024-06-01 01:16:59.292,40.349788,40.585552
2024-06-01 01:16:59.804,40.349788,40.58746
2024-06-01 01:17:00.316,40.349788,40.57845
2024-06-01 01:17:00.828,40.349788,40.567886
2024-06-01 01:17:01.340,40.349788,40.570137
2024-06-01 01:17:01.852,40.349788,40.570786
2024-06-01 01:17:02.364,40.349788,40.56656
2024-06-01 01:17:02.876,40.349788,40.5665
2024-06-01 01:17:03.388,40.349788,40.563305
2024-06-01 01:17:03.900,40.349788,40.56737
2024-06-01 01:17:04.412,40.349788,40.572792
2024-06-01 01:17:04.924,40.349788,40.576714
2024-06-01 01:17:05.436,40.349788,40.58538
2024-06-01 01:17:05.948,40.349788,40.58404
2024-06-01 01:17:06.460,40.349788,40.582264
2024-06-01 01:17:06.972,40.349788,40.580776
2024-06-01 01:17:07.484,40.349788,40.57955
2024-06-01 01:17:07.996,40.349788,40.58242
2024-06-01 01:17:08.508,40.349788,40.576904
2024-06-01 01:17:09.020,40.349788,40.577763
2024-06-01 01:17:09.532,40.349788,40.583885
2024-06-01 01:17:10.044,40.349788,40.583836
2024-06-01 01:17:10.556,40.349788,40.569912
2024-06-01 01:17:11.068,40.349788,40.560593
2024-06-01 01:17:11.580,40.349788,40.558743
2024-06-01 01:17:12.092,40.349788,40.555477
2024-06-01 01:17:12.604,40.349788,40.556427
2024-06-01 01:17:13.116,40.349788,40.55388
2024-06-01 01:17:13.628,40.349788,40.556747
2024-06-01 01:17:14.140,40.349788,40.561935
2024-06-01 01:17:14.652,40.349788,40.571716
2024-06-01 01:17:15.164,40.349788,40.579697
2024-06-01 01:17:15.676,40.349788,40.586494
2024-06-01 01:17:16.188,40.349788,40.59098
2024-06-01 01:17:16.700,40.349788,40.590805
2024-06-01 01:17:17.212,40.349788,40.59211
2024-06-01 01:17:17.724,40.349788,40.585297
2024-06-01 01:17:18.236,40.349788,40.58078
2024-06-01 01:17:18.748,40.349788,40.569176
2024-06-01 01:17:19.260,40.349788,40.564423
2024-06-01 01:17:19.772,40.349788,40.565407
2024-06-01 01:17:20.284,40.349788,40.562496
2024-06-01 01:17:20.796,40.349788,40.567505
2024-06-01 01:17:21.308,40.349788,40.56832
2024-06-01 01:17:21.820,40.349788,40.567802
2024-06-01 01:17:22.332,40.349788,40.567196
2024-06-01 01:17:22.844,40.349788,40.566658
2024-06-01 01:17:23.356,40.349788,40.565144
2024-06-01 01:17:23.868,40.349788,40.568954
2024-06-01 01:17:24.380,40.349788,40.573273
2024-06-01 01:17:24.892,40.349788,40.567642
2024-06-01 01:17:25.404,40.349788,40.564407
2024-06-01 01:17:25.916,40.349788,40.569084
2024-06-01 01:17:26.428,40.349788,40.572834
2024-06-01 01:17:26.940,40.349788,40.56771
2024-06-01 01:17:27.452,40.349788,40.56628
2024-06-01 01:17:27.964,40.349788,40.553745
2024-06-01 01:17:28.476,40.349788,40.54738
2024-06-01 01:17:28.988,40.349788,40.552025
2024-06-01 01:17:29.500,40.349788,40.556587
2024-06-01 01:17:30.012,40.349788,40.5622
2024-06-01 01:17:30.524,40.349788,40.560837
2024-06-01 01:17:31.036,40.349788,40.5635
2024-06-01 01:17:31.548,40.349788,40.561535
2024-06-01 01:17:32.060,40.349788,40.56858
2024-06-01 01:17:32.572,40.349788,40.572517
2024-06-01 01:17:33.084,40.349788,40.5658
2024-06-01 01:17:33.596,40.349788,40.563675
2024-06-01 01:17:34.108,40.349788,40.56111
2024-06-01 01:17:34.620,40.349788,40.56521
2024-06-01 01:17:35.132,40.349788,40.569458
2024-06-01 01:17:35.644,40.349788,40.571423
2024-06-01 01:17:36.156,40.349788,40.574707
2024-06-01 01:17:36.668,40.349788,40.57254
2024-06-01 01:17:37.180,40.349788,40.571014
2024-06-01 01:17:37.692,40.349788,40.57153
2024-06-01 01:17:38.204,40.349788,40.566063
2024-06-01 01:17:38.716,40.349788,40.56493
2024-06-01 01:17:39.228,40.349788,40.568752
2024-06-01 01:17:39.740,40.349788,40.571693
2024-06-01 01:17:40.252,40.349788,40.575897
2024-06-01 01:17:40.764,40.349788,40.57514
2024-06-01 01:17:41.276,40.349788,40.573643
2024-06-01 01:17:41.788,40.349788,40.571022
2024-06-01 01:17:42.300,40.349788,40.565987
2024-06-01 01:17:42.812,40.349788,40.56472
2024-06-01 01:17:43.324,40.349788,40.567787
2024-06-01 01:17:43.836,40.349788,40.567307
2024-06-01 01:17:44.348,40.349788,40.564137
2024-06-01 01:17:44.860,40.349788,40.565002
2024-06-01 01:17:45.372,40.349788,40.570805
2024-06-01 01:17:45.884,40.349788,40.575104
2024-06-01 01:17:46.396,40.349788,40.57937
2024-06-01 01:17:46.908,40.349788,40.581936
2024-06-01 01:17:47.420,40.349788,40.584175
2024-06-01 01:17:47.932,40.349788,40.586365
2024-06-01 01:17:48.444,40.349788,40.580452
2024-06-01 01:17:48.956,40.349788,40.57711
2024-06-01 01:17:49.468,40.349788,40.574677
2024-06-01 01:17:49.980,40.349788,40.573715
2024-06-01 01:17:50.492,40.349788,40.57094
2024-06-01 01:17:51.004,40.349788,40.567905
2024-06-01 01:17:51.516,40.349788,40.57343
2024-06-01 01:17:52.028,40.349788,40.573986
2024-06-01 01:17:52.540,40.349788,40.571438
2024-06-01 01:17:53.052,40.349788,40.570793
2024-06-01 01:17:53.564,40.349788,40.570427
2024-06-01 01:17:54.076,40.349788,40.5706
2024-06-01 01:17:54.588,40.349788,40.575222
2024-06-01 01:17:55.100,40.349788,40.579292
2024-06-01 01:17:55.612,40.349788,40.58217
2024-06-01 01:17:56.124,40.278951,40.58438
2024-06-01 01:17:56.636,40.278951,40.578533
2024-06-01 01:17:57.148,40.278951,40.57561
2024-06-01 01:17:57.660,40.278951,40.569702
2024-06-01 01:17:58.172,40.278951,40.56967
2024-06-01 01:17:58.684,40.278951,40.55551
2024-06-01 01:17:59.196,40.278951,40.54506
2024-06-01 01:17:59.708,40.278951,40.536137
2024-06-01 01:18:00.220,40.278951,40.528843
2024-06-01 01:18:00.732,40.278951,40.523605
2024-06-01 01:18:01.244,40.278951,40.515335
2024-06-01 01:18:01.756,40.278951,40.51113
2024-06-01 01:18:02.268,40.278951,40.505676
2024-06-01 01:18:02.780,40.278951,40.4999
2024-06-01 01:18:03.292,40.278951,40.500175
2024-06-01 01:18:03.804,40.278951,40.500164
2024-06-01 01:18:04.316,40.278951,40.499924
2024-06-01 01:18:04.828,40.278951,40.508087
2024-06-01 01:18:05.340,40.278951,40.513138
2024-06-01 01:18:05.852,40.278951,40.507492
2024-06-01 01:18:06.364,40.278951,40.504627
2024-06-01 01:18:06.876,40.278951,40.500595
2024-06-01 01:18:07.388,40.278951,40.49781
2024-06-01 01:18:07.900,40.278951,40.49704
2024-06-01 01:18:08.412,40.278951,40.494324
2024-06-01 01:18:08.924,40.278951,40.482666
2024-06-01 01:18:09.436,40.278951,40.476402
2024-06-01 01:18:09.948,40.278951,40.472183
2024-06-01 01:18:10.460,40.278951,40.468052
2024-06-01 01:18:10.972,40.278951,40.468773
2024-06-01 01:18:11.484,40.278951,40.46059
2024-06-01 01:18:11.996,40.278951,40.449295
2024-06-01 01:18:12.508,40.278951,40.448494
2024-06-01 01:18:13.020,40.278951,40.449688
2024-06-01 01:18:13.532,40.278951,40.45113
2024-06-01 01:18:14.044,40.278951,40.448013
2024-06-01 01:18:14.556,40.278951,40.44771
2024-06-01 01:18:15.068,40.278951,40.43934
2024-06-01 01:18:15.580,40.278951,40.43525
2024-06-01 01:18:16.092,40.278951,40.436756
2024-06-01 01:18:16.604,40.278951,40.43675
2024-06-01 01:18:17.116,40.278951,40.429222
2024-06-01 01:18:17.628,40.278951,40.421173
2024-06-01 01:18:18.140,40.278951,40.40949
2024-06-01 01:18:18.652,40.278951,40.40139
2024-06-01 01:18:19.164,40.278951,40.39008
2024-06-01 01:18:19.676,40.278951,40.384506
2024-06-01 01:18:20.188,40.278951,40.370476
2024-06-01 01:18:20.700,40.278951,40.362305
2024-06-01 01:18:21.212,40.278951,40.366272
2024-06-01 01:18:21.724,40.278951,40.366127
2024-06-01 01:18:22.235,40.278951,40.36021
2024-06-01 01:18:22.747,40.278951,40.35633
2024-06-01 01:18:23.259,40.278951,40.34828
2024-06-01 01:18:23.771,40.278951,40.343224
2024-06-01 01:18:24.283,40.278951,40.339863
2024-06-01 01:18:24.795,40.278951,40.33669
2024-06-01 01:18:25.307,40.278951,40.333084
2024-06-01 01:18:25.819,40.278951,40.331863
2024-06-01 01:18:26.331,40.278951,40.32605
2024-06-01 01:18:26.843,40.278951,40.3235
2024-06-01 01:18:27.355,40.278951,40.32496
2024-06-01 01:18:27.867,40.278951,40.324642
