timestamp,Actual,Predicted
2024-06-01 00:02:42.896,528.578313,532.6504
2024-06-01 00:02:43.408,528.578313,532.6504
2024-06-01 00:02:43.920,539.093551,540.33704
2024-06-01 00:02:44.432,538.161865,540.33704
2024-06-01 00:02:44.944,538.161865,524.25555
2024-06-01 00:04:43.673,538.161865,524.25555
2024-06-01 00:04:46.233,538.161865,524.25555
2024-06-01 00:04:46.745,559.155994,541.43835
2024-06-01 00:04:47.257,556.251901,541.43835
2024-06-01 00:04:49.305,556.251901,541.43835
2024-06-01 00:04:49.817,556.251901,541.43835
2024-06-01 00:04:50.841,545.809355,532.847
2024-06-01 00:04:51.353,545.809355,532.847
2024-06-01 00:04:52.889,545.809355,532.847
2024-06-01 00:04:53.401,545.809355,532.847
2024-06-01 00:04:54.425,545.809355,532.847
2024-06-01 00:04:54.937,556.251901,541.43835
2024-06-01 00:04:55.449,556.251901,541.43835
2024-06-01 00:04:56.473,556.251901,541.43835
2024-06-01 00:04:57.497,556.251901,541.43835
2024-06-01 00:04:58.009,556.251901,541.43835
2024-06-01 00:04:59.033,535.366809,524.25555
2024-06-01 00:04:59.545,535.366809,524.25555
2024-06-01 00:05:00.569,535.366809,524.25555
2024-06-01 00:05:01.081,545.809355,532.847
2024-06-01 00:05:01.593,545.809355,532.847
2024-06-01 00:05:02.105,545.809355,532.847
2024-06-01 00:05:02.617,545.809355,532.847
2024-06-01 00:05:35.897,577.136993,558.6211
2024-06-01 00:05:37.433,577.136993,558.6211
2024-06-01 00:05:37.945,577.136993,558.6211
2024-06-01 00:05:38.457,576.132616,558.6211
2024-06-01 00:05:38.969,576.132616,558.6211
2024-06-01 00:05:39.481,576.132616,558.6211
2024-06-01 00:05:39.993,576.132616,558.6211
2024-06-01 00:05:40.505,576.132616,558.6211
2024-06-01 00:05:41.017,576.132616,558.6211
2024-06-01 00:05:41.529,576.132616,558.6211
2024-06-01 00:05:42.041,586.556989,567.2125
2024-06-01 00:05:42.553,586.556989,567.2125
2024-06-01 00:05:43.065,586.556989,567.2125
2024-06-01 00:05:43.577,586.556989,567.2125
2024-06-01 00:05:44.089,586.556989,567.2125
2024-06-01 00:05:44.601,586.556989,567.2125
2024-06-01 00:05:45.625,586.556989,567.2125
2024-06-01 00:05:46.137,576.132616,558.6211
2024-06-01 00:05:46.649,576.132616,558.6211
2024-06-01 00:05:47.161,576.132616,558.6211
2024-06-01 00:05:47.673,576.132616,558.6211
2024-06-01 00:05:48.697,576.132616,558.6211
2024-06-01 00:05:49.209,576.132616,558.6211
2024-06-01 00:05:52.793,576.132616,558.6211
2024-06-01 00:05:55.353,576.132616,558.6211
2024-06-01 00:05:55.865,576.132616,558.6211
2024-06-01 00:05:56.377,607.405735,584.39526
2024-06-01 00:05:56.889,607.405735,584.39526
2024-06-01 00:05:57.913,607.405735,584.39526
2024-06-01 00:05:58.425,607.405735,584.39526
2024-06-01 00:05:59.449,607.405735,584.39526
2024-06-01 00:05:59.961,607.405735,584.39526
2024-06-01 00:06:00.985,607.405735,584.39526
2024-06-01 00:06:01.497,607.405735,585.0989
2024-06-01 00:06:02.009,607.405735,585.0989
2024-06-01 00:06:03.033,607.405735,585.0989
2024-06-01 00:06:03.545,607.405735,585.0989
2024-06-01 00:06:04.057,607.405735,585.0989
2024-06-01 00:06:04.569,617.830108,593.6902
2024-06-01 00:06:05.593,617.830108,593.6902
2024-06-01 00:06:06.617,596.981362,576.50745
2024-06-01 00:06:07.641,596.981362,576.50745
2024-06-01 00:06:08.153,596.981362,576.50745
2024-06-01 00:06:08.665,596.981362,576.50745
2024-06-01 00:06:09.177,596.981362,576.50745
2024-06-01 00:06:09.689,596.981362,576.50745
2024-06-01 00:06:10.201,596.981362,576.50745
2024-06-01 00:06:10.713,607.405735,585.0989
2024-06-01 00:06:11.225,607.405735,585.0989
2024-06-01 00:06:11.737,607.405735,585.0989
2024-06-01 00:06:12.249,607.405735,585.0989
2024-06-01 00:06:12.761,628.254481,602.28156
2024-06-01 00:06:13.273,628.254481,602.28156
2024-06-01 00:06:13.785,628.254481,602.28156
2024-06-01 00:06:14.297,628.254481,602.28156
2024-06-01 00:06:14.809,596.981362,576.50745
2024-06-01 00:06:15.321,596.981362,576.50745
2024-06-01 00:06:15.833,596.981362,576.50745
2024-06-01 00:06:16.345,596.981362,576.50745
2024-06-01 00:06:16.857,596.981362,576.50745
2024-06-01 00:06:17.881,596.981362,580.29877
2024-06-01 00:06:18.393,596.981362,580.29877
2024-06-01 00:06:18.905,596.981362,580.29877
2024-06-01 00:06:19.417,596.981362,580.29877
2024-06-01 00:06:19.929,596.981362,580.29877
2024-06-01 00:06:20.441,596.981362,580.29877
2024-06-01 00:06:20.953,607.405735,588.9021
2024-06-01 00:06:21.465,607.405735,588.9021
2024-06-01 00:06:21.977,607.405735,588.9021
2024-06-01 00:06:22.489,607.405735,588.9021
2024-06-01 00:06:23.001,607.405735,588.9021
2024-06-01 00:06:23.513,607.405735,588.9021
2024-06-01 00:06:24.025,607.405735,588.9021
2024-06-01 00:06:24.537,607.405735,588.9021
2024-06-01 00:06:25.049,596.981362,580.29877
2024-06-01 00:06:25.561,596.981362,580.29877
2024-06-01 00:06:26.073,596.981362,580.29877
2024-06-01 00:06:26.585,596.981362,580.29877
2024-06-01 00:06:27.097,596.981362,580.29877
2024-06-01 00:06:27.609,596.981362,580.29877
2024-06-01 00:06:28.121,596.981362,580.29877
2024-06-01 00:06:28.633,596.981362,580.29877
2024-06-01 00:06:29.145,607.405735,588.9021
2024-06-01 00:06:29.657,607.405735,588.9021
2024-06-01 00:06:30.169,607.405735,588.9021
2024-06-01 00:06:31.193,607.405735,588.9021
2024-06-01 00:06:31.705,607.405735,588.9021
2024-06-01 00:06:32.217,607.405735,588.9021
2024-06-01 00:06:33.241,607.405735,588.9021
2024-06-01 00:06:33.753,607.405735,588.9021
2024-06-01 00:06:34.265,607.405735,588.9021
2024-06-01 00:06:34.826,607.405735,588.9021
2024-06-01 00:06:35.338,607.405735,588.9021
2024-06-01 00:06:35.850,607.405735,588.9021
2024-06-01 00:06:36.362,607.405735,588.9021
2024-06-01 00:06:36.874,607.405735,588.9021
2024-06-01 00:06:37.386,617.830108,597.5054
2024-06-01 00:06:37.898,617.830108,597.5054
2024-06-01 00:06:38.410,617.830108,597.5054
2024-06-01 00:06:38.922,617.830108,597.5054
2024-06-01 00:06:39.434,607.405735,588.9021
2024-06-01 00:06:39.946,607.405735,588.9021
2024-06-01 00:06:40.458,607.405735,588.9021
2024-06-01 00:06:40.970,607.405735,588.9021
2024-06-01 00:06:41.482,607.405735,588.9021
2024-06-01 00:06:41.994,607.405735,588.9021
2024-06-01 00:06:42.506,607.405735,588.9021
2024-06-01 00:06:43.018,607.405735,588.9021
2024-06-01 00:06:43.530,607.405735,588.9021
2024-06-01 00:06:44.042,607.405735,588.9021
2024-06-01 00:06:44.554,607.405735,588.9021
2024-06-01 00:06:45.066,607.405735,588.9021
2024-06-01 00:06:45.578,617.830108,597.5054
2024-06-01 00:06:46.090,617.830108,597.5054
2024-06-01 00:06:46.602,617.830108,597.5054
2024-06-01 00:06:47.114,617.830108,597.5054
2024-06-01 00:06:47.626,607.405735,588.9021
2024-06-01 00:06:48.138,607.405735,588.9021
2024-06-01 00:06:48.650,607.405735,588.9021
2024-06-01 00:06:49.162,607.405735,588.9021
2024-06-01 00:06:49.674,596.981362,580.29877
2024-06-01 00:06:50.186,596.981362,580.29877
2024-06-01 00:06:50.698,596.981362,580.29877
2024-06-01 00:07:56.745,596.981362,580.29877
2024-06-01 00:07:57.257,628.254481,606.10864
2024-06-01 00:07:57.769,628.254481,606.10864
2024-06-01 00:07:58.281,628.254481,606.10864
2024-06-01 00:07:58.793,628.254481,606.10864
2024-06-01 00:07:59.305,617.830108,597.5054
2024-06-01 00:07:59.817,617.830108,597.5054
2024-06-01 00:08:00.329,617.830108,597.5054
2024-06-01 00:08:00.841,617.830108,597.5054
2024-06-01 00:08:01.353,607.405735,588.9021
2024-06-01 00:08:01.865,607.405735,588.9021
2024-06-01 00:08:02.377,607.405735,588.9021
2024-06-01 00:08:02.889,607.405735,588.9021
2024-06-01 00:08:03.401,607.405735,588.9021
2024-06-01 00:08:03.913,606.346839,588.9021
2024-06-01 00:08:04.425,606.346839,588.9021
2024-06-01 00:08:04.937,606.346839,588.9021
2024-06-01 00:08:05.449,616.753039,597.5054
2024-06-01 00:08:05.961,616.753039,597.5054
2024-06-01 00:08:06.473,616.753039,597.5054
2024-06-01 00:08:06.985,616.753039,597.5054
2024-06-01 00:08:07.497,616.753039,597.5054
2024-06-01 00:08:08.009,616.753039,597.5054
2024-06-01 00:08:08.521,616.753039,597.5054
2024-06-01 00:08:09.033,616.753039,597.5054
2024-06-01 00:08:09.545,637.56544,614.71185
2024-06-01 00:08:10.057,638.678854,614.71185
2024-06-01 00:08:10.569,638.678854,614.71185
2024-06-01 00:08:11.081,638.678854,614.71185
2024-06-01 00:08:11.593,607.405735,588.9021
2024-06-01 00:08:12.105,607.405735,588.9021
2024-06-01 00:08:12.617,607.405735,588.9021
2024-06-01 00:08:15.129,607.405735,588.9021
2024-06-01 00:08:18.712,607.405735,588.9021
2024-06-01 00:08:19.736,617.830108,597.5054
2024-06-01 00:08:20.760,617.830108,597.5054
2024-06-01 00:08:24.856,617.830108,597.5054
2024-06-01 00:08:25.368,617.830108,597.5054
2024-06-01 00:08:25.880,617.830108,597.5054
2024-06-01 00:09:18.664,617.830108,597.5054
2024-06-01 00:09:19.176,607.405735,588.9021
2024-06-01 00:09:19.688,606.346839,588.9021
2024-06-01 00:09:20.200,606.346839,588.9021
2024-06-01 00:09:20.712,606.346839,588.9021
2024-06-01 00:09:21.224,616.753039,597.5054
2024-06-01 00:09:21.736,616.753039,597.5054
2024-06-01 00:09:22.248,616.753039,597.5054
2024-06-01 00:09:22.760,616.753039,597.5054
2024-06-01 00:09:23.272,606.346839,588.9021
2024-06-01 00:09:23.784,606.346839,588.9021
2024-06-01 00:09:24.296,606.346839,588.9021
2024-06-01 00:09:24.808,606.346839,588.9021
2024-06-01 00:09:25.320,616.753039,597.5054
2024-06-01 00:09:25.832,616.753039,597.5054
2024-06-01 00:09:26.344,616.753039,597.5054
2024-06-01 00:09:26.856,616.753039,597.5054
2024-06-01 00:09:27.368,606.346839,588.9021
2024-06-01 00:09:27.880,606.346839,588.9021
2024-06-01 00:09:28.392,606.346839,588.9021
2024-06-01 00:09:28.904,606.346839,588.9021
2024-06-01 00:09:29.416,616.753039,597.5054
2024-06-01 00:09:29.928,616.753039,597.5054
2024-06-01 00:09:30.440,616.753039,597.5054
2024-06-01 00:09:30.952,616.753039,597.5054
2024-06-01 00:09:31.464,616.753039,597.5054
2024-06-01 00:09:31.976,616.753039,597.5054
2024-06-01 00:09:32.488,616.753039,597.5054
2024-06-01 00:09:33.000,616.753039,597.5054
2024-06-01 00:09:33.512,616.753039,597.5054
2024-06-01 00:09:34.024,616.753039,597.5054
2024-06-01 00:09:34.536,616.753039,598.1289
2024-06-01 00:10:40.583,616.753039,597.5712
2024-06-01 00:10:41.095,710.408841,675.1095
2024-06-01 00:10:41.607,709.168217,675.1094
2024-06-01 00:10:42.119,709.168217,675.1094
2024-06-01 00:10:42.631,709.168217,675.55853
2024-06-01 00:10:43.143,615.675971,598.1289
2024-06-01 00:10:43.655,616.753039,598.1289
2024-06-01 00:10:44.167,616.753039,598.1289
2024-06-01 00:10:44.679,616.753039,598.1289
2024-06-01 00:10:45.191,627.15924,606.7322
2024-06-01 00:10:45.703,627.15924,606.7322
2024-06-01 00:10:46.215,627.15924,606.7322
2024-06-01 00:10:46.727,627.15924,606.7322
2024-06-01 00:10:47.239,606.346839,589.52563
2024-06-01 00:10:47.751,606.346839,589.52563
2024-06-01 00:10:48.263,606.346839,589.52563
2024-06-01 00:10:48.775,606.346839,589.52563
2024-06-01 00:10:49.287,627.15924,606.7322
2024-06-01 00:10:49.799,627.15924,606.7322
2024-06-01 00:10:50.311,627.15924,606.7322
2024-06-01 00:10:50.823,627.15924,606.7322
2024-06-01 00:10:51.335,627.15924,606.7322
2024-06-01 00:10:51.847,627.15924,606.7322
2024-06-01 00:10:52.359,627.15924,606.7322
2024-06-01 00:10:52.871,627.15924,606.7322
2024-06-01 00:10:53.383,616.753039,598.1289
2024-06-01 00:10:53.895,616.753039,598.1289
2024-06-01 00:10:54.407,616.753039,598.1289
2024-06-01 00:10:54.919,616.753039,598.1289
2024-06-01 00:10:55.431,616.753039,598.1289
2024-06-01 00:10:55.943,616.753039,598.1289
2024-06-01 00:10:56.455,616.753039,598.1289
2024-06-01 00:12:02.503,616.753039,598.1289
2024-06-01 00:12:03.015,595.940639,580.92236
2024-06-01 00:12:03.527,595.940639,580.92236
2024-06-01 00:12:04.039,595.940639,580.92236
2024-06-01 00:12:04.551,595.940639,580.92236
2024-06-01 00:12:05.063,595.940639,580.92236
2024-06-01 00:12:05.575,595.940639,580.92236
2024-06-01 00:12:06.087,595.940639,580.92236
2024-06-01 00:12:06.599,595.940639,580.92236
2024-06-01 00:12:07.111,585.534439,572.42456
2024-06-01 00:12:07.623,585.534439,572.42456
2024-06-01 00:12:08.134,585.534439,572.42456
2024-06-01 00:12:08.646,585.534439,572.24255
2024-06-01 00:12:09.158,606.346839,589.3882
2024-06-01 00:12:09.670,606.346839,589.2508
2024-06-01 00:12:10.182,606.346839,589.2508
2024-06-01 00:12:10.694,606.346839,589.52563
2024-06-01 00:12:11.206,585.534439,572.42456
2024-06-01 00:12:11.718,585.534439,572.42456
2024-06-01 00:12:12.230,585.534439,572.42456
2024-06-01 00:12:12.742,585.534439,571.9068
2024-06-01 00:12:13.254,606.346839,589.1134
2024-06-01 00:12:13.766,606.346839,589.1134
2024-06-01 00:12:14.278,606.346839,589.1134
2024-06-01 00:12:14.790,606.346839,589.0085
2024-06-01 00:12:15.302,575.128238,563.262
2024-06-01 00:12:15.814,574.123861,563.262
2024-06-01 00:12:16.326,574.123861,563.262
2024-06-01 00:12:16.838,574.123861,563.262
2024-06-01 00:12:17.350,584.511889,571.7778
2024-06-01 00:12:17.862,584.511889,571.9068
2024-06-01 00:12:18.374,584.511889,569.662
2024-06-01 00:13:24.422,584.511889,569.638
2024-06-01 00:13:24.934,532.571752,525.58673
2024-06-01 00:13:25.446,529.776696,525.58673
2024-06-01 00:13:25.958,529.776696,525.58673
2024-06-01 00:13:26.470,529.776696,525.5377
2024-06-01 00:13:26.982,550.443713,543.2499
2024-06-01 00:13:27.494,550.443713,543.2358
2024-06-01 00:13:28.006,550.443713,543.2358
2024-06-01 00:13:28.518,550.443713,543.2358
2024-06-01 00:13:29.030,550.443713,543.2358
2024-06-01 00:13:29.542,550.443713,543.2358
2024-06-01 00:13:30.054,550.443713,543.2358
2024-06-01 00:13:30.566,550.443713,543.2358
2024-06-01 00:13:31.078,550.443713,543.2358
2024-06-01 00:13:31.590,550.443713,543.2358
2024-06-01 00:13:32.102,550.443713,543.2358
2024-06-01 00:13:32.614,550.443713,543.2499
2024-06-01 00:13:33.126,540.110204,534.3938
2024-06-01 00:13:33.638,540.110204,534.3938
2024-06-01 00:13:34.150,540.110204,534.3938
2024-06-01 00:13:34.662,540.110204,534.37964
2024-06-01 00:13:35.174,550.443713,543.2358
2024-06-01 00:13:35.686,550.443713,543.2358
2024-06-01 00:13:36.198,550.443713,543.2358
2024-06-01 00:13:36.710,550.443713,543.2358
2024-06-01 00:13:37.222,540.110204,534.37964
2024-06-01 00:13:37.734,540.110204,534.37964
2024-06-01 00:13:38.246,540.110204,534.37964
2024-06-01 00:13:38.758,540.110204,534.37964
2024-06-01 00:13:39.270,540.110204,534.37964
2024-06-01 00:13:39.782,540.110204,534.3938
2024-06-01 00:13:40.294,540.110204,532.15063
2024-06-01 00:14:46.341,540.110204,532.0657
2024-06-01 00:14:46.853,519.443187,514.3535
2024-06-01 00:14:47.365,519.443187,514.33936
2024-06-01 00:14:47.877,519.443187,514.33936
2024-06-01 00:14:48.389,519.443187,514.33936
2024-06-01 00:14:48.901,509.109678,505.48322
2024-06-01 00:14:49.413,508.214339,505.46906
2024-06-01 00:14:49.925,508.214339,505.46906
2024-06-01 00:14:50.437,508.214339,505.5116
2024-06-01 00:14:50.949,539.160346,532.07983
2024-06-01 00:14:51.461,539.160346,532.0657
2024-06-01 00:14:51.973,539.160346,532.0657
2024-06-01 00:14:52.485,539.160346,532.0657
2024-06-01 00:14:52.997,508.214339,505.49738
2024-06-01 00:14:53.509,508.214339,505.5116
2024-06-01 00:14:54.021,508.214339,505.5116
2024-06-01 00:14:54.533,508.214339,505.5116
2024-06-01 00:14:55.045,539.160346,532.07983
2024-06-01 00:14:55.557,539.160346,532.0657
2024-06-01 00:14:56.069,539.160346,532.0657
2024-06-01 00:14:56.581,539.160346,532.0515
2024-06-01 00:14:57.093,508.214339,505.48322
2024-06-01 00:14:57.605,508.214339,505.46906
2024-06-01 00:14:58.117,508.214339,505.46906
2024-06-01 00:14:58.629,508.214339,505.49738
2024-06-01 00:14:59.141,528.84501,523.2096
2024-06-01 00:14:59.653,528.84501,523.2096
2024-06-01 00:15:00.165,528.84501,523.2096
2024-06-01 00:15:00.677,528.84501,523.23785
2024-06-01 00:15:01.189,528.84501,523.23785
2024-06-01 00:15:01.701,525.118268,531.99506
2024-06-01 00:15:02.213,525.118268,528.31946
2024-06-01 00:16:08.260,525.118268,524.5839
2024-06-01 00:16:08.772,412.449183,433.81567
2024-06-01 00:16:09.284,418.303451,433.81567
2024-06-01 00:16:09.796,418.303451,433.81567
2024-06-01 00:16:10.308,418.303451,433.81567
2024-06-01 00:16:10.820,407.915424,426.25717
2024-06-01 00:16:11.332,407.915424,426.25717
2024-06-01 00:16:11.844,407.915424,426.25717
2024-06-01 00:16:12.356,407.915424,426.25717
2024-06-01 00:16:12.868,459.855561,465.55417
2024-06-01 00:16:13.380,460.660036,465.55417
2024-06-01 00:16:13.892,460.660036,465.55417
2024-06-01 00:16:14.404,460.660036,465.55417
2024-06-01 00:16:14.916,419.035235,433.81567
2024-06-01 00:16:15.428,419.035235,433.81567
2024-06-01 00:16:15.940,419.035235,433.81567
2024-06-01 00:16:16.452,419.035235,433.81567
2024-06-01 00:16:16.964,450.253836,457.40662
2024-06-01 00:16:17.476,450.253836,457.40662
2024-06-01 00:16:17.988,450.253836,457.40662
2024-06-01 00:16:18.500,450.253836,457.40662
2024-06-01 00:16:19.012,419.035235,433.81567
2024-06-01 00:16:19.524,419.035235,433.81567
2024-06-01 00:16:20.036,419.035235,433.81567
2024-06-01 00:16:20.548,419.035235,433.81567
2024-06-01 00:16:21.060,408.629035,431.13605
2024-06-01 00:16:21.572,408.629035,431.13605
2024-06-01 00:16:22.084,408.629035,431.13605
2024-06-01 00:16:22.596,408.629035,431.13605
2024-06-01 00:16:23.108,429.441435,445.38794
2024-06-01 00:16:23.620,430.191392,445.38794
2024-06-01 00:16:24.132,430.191392,445.1004
2024-06-01 00:17:30.179,430.191392,445.10046
2024-06-01 00:17:30.691,461.464511,467.0659
2024-06-01 00:17:31.203,464.682412,467.0659
2024-06-01 00:17:31.715,464.682412,467.0659
2024-06-01 00:17:32.227,464.682412,467.0659
2024-06-01 00:17:32.739,464.682412,467.0659
2024-06-01 00:17:33.251,464.682412,467.0659
2024-06-01 00:17:33.763,464.682412,467.0659
2024-06-01 00:17:34.275,464.682412,467.0659
2024-06-01 00:17:34.787,464.682412,467.0659
2024-06-01 00:17:35.299,464.682412,467.0659
2024-06-01 00:17:35.811,464.682412,467.0659
2024-06-01 00:17:36.323,464.682412,467.0659
2024-06-01 00:17:36.835,464.682412,467.0659
2024-06-01 00:17:37.347,464.682412,467.0659
2024-06-01 00:17:37.859,464.682412,467.0659
2024-06-01 00:17:38.371,464.682412,467.0659
2024-06-01 00:17:38.883,464.682412,467.0659
2024-06-01 00:17:39.395,465.486887,467.0659
2024-06-01 00:17:39.907,465.486887,467.0659
2024-06-01 00:17:40.419,465.486887,467.0659
2024-06-01 00:17:40.931,454.971649,459.74408
2024-06-01 00:17:41.443,454.971649,459.74408
2024-06-01 00:17:41.955,454.971649,459.74408
2024-06-01 00:17:42.467,454.971649,459.74408
2024-06-01 00:17:42.979,539.093551,519.3826
2024-06-01 00:17:43.491,539.093551,519.3826
2024-06-01 00:17:44.003,539.093551,519.3826
2024-06-01 00:17:44.515,539.093551,519.3826
2024-06-01 00:17:45.027,497.0326,489.03137
2024-06-01 00:17:45.539,497.0326,489.03137
2024-06-01 00:17:46.051,497.0326,489.20892
2024-06-01 00:18:52.098,497.0326,489.2089
2024-06-01 00:18:52.610,486.517362,481.8423
2024-06-01 00:18:53.122,486.517362,481.8423
2024-06-01 00:18:53.634,486.517362,481.8423
2024-06-01 00:18:54.146,486.517362,481.8423
2024-06-01 00:18:54.658,497.0326,489.20892
2024-06-01 00:18:55.170,497.0326,489.20892
2024-06-01 00:18:55.682,497.0326,489.20892
2024-06-01 00:18:56.194,497.0326,489.20892
2024-06-01 00:18:56.706,497.0326,489.20892
2024-06-01 00:18:57.218,497.0326,489.20892
2024-06-01 00:18:57.730,497.0326,489.20892
2024-06-01 00:18:58.242,497.0326,489.20892
2024-06-01 00:18:58.754,507.547838,496.79828
2024-06-01 00:18:59.266,506.670671,496.79828
2024-06-01 00:18:59.778,506.670671,496.79828
2024-06-01 00:19:00.290,506.670671,496.79828
2024-06-01 00:19:00.802,485.676541,481.8423
2024-06-01 00:19:01.314,486.517362,481.8423
2024-06-01 00:19:01.826,486.517362,481.8423
2024-06-01 00:19:02.338,486.517362,481.8423
2024-06-01 00:19:02.850,497.0326,489.20892
2024-06-01 00:19:03.362,497.0326,489.20892
2024-06-01 00:19:03.874,497.0326,489.20892
2024-06-01 00:19:04.386,497.0326,489.20892
2024-06-01 00:19:04.898,497.0326,489.20892
2024-06-01 00:19:05.410,497.0326,489.20892
2024-06-01 00:19:05.922,497.0326,489.20892
2024-06-01 00:19:06.434,497.0326,489.20892
2024-06-01 00:19:06.946,486.517362,481.8423
2024-06-01 00:19:07.458,486.517362,481.8423
2024-06-01 00:19:07.970,486.517362,482.94067
2024-06-01 00:20:14.017,486.517362,482.94067
2024-06-01 00:20:14.529,507.547838,498.55176
2024-06-01 00:20:15.041,507.547838,498.5518
2024-06-01 00:20:15.553,507.547838,498.5518
2024-06-01 00:20:16.065,507.547838,498.5518
2024-06-01 00:20:16.577,507.547838,498.5518
2024-06-01 00:20:17.089,507.547838,498.5518
2024-06-01 00:20:17.601,507.547838,498.5518
2024-06-01 00:20:18.113,507.547838,498.5518
2024-06-01 00:20:18.625,507.547838,498.5518
2024-06-01 00:20:19.137,507.547838,498.5518
2024-06-01 00:20:19.649,507.547838,498.5518
2024-06-01 00:20:20.161,507.547838,498.5518
2024-06-01 00:20:20.673,497.0326,490.5996
2024-06-01 00:20:21.185,497.0326,490.5996
2024-06-01 00:20:21.697,497.0326,490.5996
2024-06-01 00:20:22.209,497.0326,490.5996
2024-06-01 00:20:22.721,507.547838,498.5518
2024-06-01 00:20:23.233,507.547838,498.5518
2024-06-01 00:20:23.745,507.547838,498.5518
2024-06-01 00:20:24.257,507.547838,498.5518
2024-06-01 00:20:24.769,497.0326,490.5996
2024-06-01 00:20:25.281,497.0326,490.5996
2024-06-01 00:20:25.793,497.0326,490.5996
2024-06-01 00:20:26.305,497.0326,490.5996
2024-06-01 00:20:26.817,507.547838,498.5518
2024-06-01 00:20:27.329,507.547838,498.5518
2024-06-01 00:20:27.841,507.547838,498.5518
2024-06-01 00:20:28.353,507.547838,498.5518
2024-06-01 00:20:28.865,497.0326,490.5996
2024-06-01 00:20:29.377,497.0326,490.5996
2024-06-01 00:20:29.889,497.0326,491.9207
2024-06-01 00:21:35.936,497.0326,491.92065
2024-06-01 00:21:36.448,444.456412,454.53116
2024-06-01 00:21:36.960,443.688282,454.53113
2024-06-01 00:21:37.472,443.688282,454.53113
2024-06-01 00:21:37.984,443.688282,454.53113
2024-06-01 00:21:38.496,443.688282,454.53113
2024-06-01 00:21:39.008,444.456412,454.53113
2024-06-01 00:21:39.520,444.456412,454.53113
2024-06-01 00:21:40.032,444.456412,454.53113
2024-06-01 00:21:40.544,465.486887,469.0456
2024-06-01 00:21:41.056,464.682412,469.0456
2024-06-01 00:21:41.568,464.682412,469.0456
2024-06-01 00:21:42.080,464.682412,469.0456
2024-06-01 00:21:42.592,454.185347,461.71375
2024-06-01 00:21:43.104,454.185347,461.71375
2024-06-01 00:21:43.616,454.185347,461.71375
2024-06-01 00:21:44.128,454.185347,461.71375
2024-06-01 00:21:44.640,454.185347,461.71375
2024-06-01 00:21:45.152,454.185347,461.71375
2024-06-01 00:21:45.664,454.185347,461.71375
2024-06-01 00:21:46.176,454.185347,461.71375
2024-06-01 00:21:46.688,443.688282,454.53113
2024-06-01 00:21:47.200,443.688282,454.53113
2024-06-01 00:21:47.712,443.688282,454.53113
2024-06-01 00:21:48.224,443.688282,454.53113
2024-06-01 00:21:48.736,443.688282,454.53113
2024-06-01 00:21:49.248,443.688282,454.53113
2024-06-01 00:21:49.760,443.688282,454.53113
2024-06-01 00:21:50.272,443.688282,454.53113
2024-06-01 00:21:50.784,454.185347,461.71375
2024-06-01 00:21:51.296,454.185347,461.71375
2024-06-01 00:21:51.808,454.185347,460.02185
2024-06-01 00:22:57.855,454.185347,460.02185
2024-06-01 00:22:58.367,401.700023,424.46527
2024-06-01 00:22:58.879,401.700023,424.46527
2024-06-01 00:22:59.391,401.700023,424.46527
2024-06-01 00:22:59.903,401.700023,424.46527
2024-06-01 00:23:00.415,412.197088,431.46375
2024-06-01 00:23:00.927,412.197088,431.46375
2024-06-01 00:23:01.439,412.197088,431.46375
2024-06-01 00:23:01.951,412.197088,431.46375
2024-06-01 00:23:02.463,422.694153,438.46222
2024-06-01 00:23:02.975,423.425936,438.46222
2024-06-01 00:23:03.487,423.425936,438.46222
2024-06-01 00:23:03.999,423.425936,438.46222
2024-06-01 00:23:04.511,381.364986,410.6985
2024-06-01 00:23:05.023,381.364986,410.6985
2024-06-01 00:23:05.535,381.364986,410.6985
2024-06-01 00:23:06.047,381.364986,410.6985
2024-06-01 00:23:06.559,370.849748,403.83563
2024-06-01 00:23:07.071,370.849748,403.83563
2024-06-01 00:23:07.583,370.849748,403.83563
2024-06-01 00:23:08.095,370.849748,403.83563
2024-06-01 00:23:08.607,370.849748,403.83563
2024-06-01 00:23:09.119,370.849748,403.83563
2024-06-01 00:23:09.631,370.849748,403.83563
2024-06-01 00:23:10.143,370.849748,403.83563
2024-06-01 00:23:10.655,381.364986,410.6985
2024-06-01 00:23:11.167,380.705894,410.6985
2024-06-01 00:23:11.679,380.705894,410.6985
2024-06-01 00:23:12.191,380.705894,410.6985
2024-06-01 00:23:12.703,380.705894,410.6985
2024-06-01 00:23:13.215,380.705894,410.6985
2024-06-01 00:23:13.727,380.705894,405.23743
2024-06-01 00:24:19.775,380.705894,405.23737
2024-06-01 00:24:20.287,370.208829,396.33768
2024-06-01 00:24:20.799,370.849748,396.33768
2024-06-01 00:24:21.311,370.849748,396.33768
2024-06-01 00:24:21.823,370.849748,396.33768
2024-06-01 00:24:22.335,381.364986,405.23743
2024-06-01 00:24:22.847,381.364986,405.23743
2024-06-01 00:24:23.359,381.364986,405.23743
2024-06-01 00:24:23.871,381.364986,405.23743
2024-06-01 00:24:24.383,370.849748,396.33768
2024-06-01 00:24:24.895,370.208829,396.33768
2024-06-01 00:24:25.407,370.208829,396.33768
2024-06-01 00:24:25.919,370.208829,396.33768
2024-06-01 00:24:26.431,380.705894,405.23743
2024-06-01 00:24:26.943,380.705894,405.23743
2024-06-01 00:24:27.454,380.705894,405.23743
2024-06-01 00:24:27.966,380.705894,405.23743
2024-06-01 00:24:28.478,380.705894,405.23743
2024-06-01 00:24:28.990,381.364986,405.23743
2024-06-01 00:24:29.502,381.364986,405.23743
2024-06-01 00:24:30.014,381.364986,405.23743
2024-06-01 00:24:30.526,391.880224,414.4313
2024-06-01 00:24:31.038,391.202959,414.4313
2024-06-01 00:24:31.550,391.202959,414.4313
2024-06-01 00:24:32.062,391.202959,414.4313
2024-06-01 00:24:32.574,370.208829,396.33768
2024-06-01 00:24:33.086,370.208829,396.33768
2024-06-01 00:24:33.598,370.208829,396.33768
2024-06-01 00:24:34.110,370.208829,396.33768
2024-06-01 00:24:34.622,380.705894,405.23743
2024-06-01 00:24:35.134,381.364986,405.23743
2024-06-01 00:24:35.646,381.364986,405.23743
2024-06-01 00:25:41.694,381.364986,405.23737
2024-06-01 00:25:42.206,370.849748,396.33768
2024-06-01 00:25:42.718,370.849748,396.33768
2024-06-01 00:25:43.230,370.849748,396.33768
2024-06-01 00:25:43.742,370.849748,396.33768
2024-06-01 00:25:44.254,381.364986,405.23743
2024-06-01 00:25:44.766,381.364986,405.23743
2024-06-01 00:25:45.278,381.364986,405.23743
2024-06-01 00:25:45.790,381.364986,405.23743
2024-06-01 00:25:46.302,381.364986,405.23743
2024-06-01 00:25:46.814,381.364986,405.23743
2024-06-01 00:25:47.326,381.364986,405.23743
2024-06-01 00:25:47.838,381.364986,405.23743
2024-06-01 00:25:48.350,381.364986,405.23743
2024-06-01 00:25:48.862,381.364986,405.23743
2024-06-01 00:25:49.374,381.364986,405.23743
2024-06-01 00:25:49.886,381.364986,405.23743
2024-06-01 00:25:50.398,412.910699,431.58215
2024-06-01 00:25:50.910,412.910699,431.58215
2024-06-01 00:25:51.422,412.910699,431.58215
2024-06-01 00:25:51.934,412.910699,431.58215
2024-06-01 00:25:52.446,370.849748,396.33768
2024-06-01 00:25:52.958,370.849748,396.33768
2024-06-01 00:25:53.470,370.849748,396.33768
2024-06-01 00:25:53.982,370.849748,396.33768
2024-06-01 00:25:54.494,381.364986,405.23743
2024-06-01 00:25:55.006,380.705894,405.23743
2024-06-01 00:25:55.518,380.705894,405.23743
2024-06-01 00:25:56.030,380.705894,405.23743
2024-06-01 00:25:56.542,370.208829,396.33768
2024-06-01 00:25:57.054,370.208829,396.33768
2024-06-01 00:25:57.566,370.208829,395.8312
2024-06-01 00:27:03.613,370.208829,395.83118
2024-06-01 00:27:04.125,370.208829,395.83118
2024-06-01 00:27:04.637,370.208829,395.8312
2024-06-01 00:27:05.149,370.208829,395.8312
2024-06-01 00:27:05.661,370.208829,395.8312
2024-06-01 00:27:06.173,380.705894,404.7796
2024-06-01 00:27:06.685,380.705894,404.7796
2024-06-01 00:27:07.197,380.705894,404.7796
2024-06-01 00:27:07.709,380.705894,404.7796
2024-06-01 00:27:08.221,391.202959,413.98486
2024-06-01 00:27:08.733,391.202959,413.98486
2024-06-01 00:27:09.245,391.202959,413.98486
2024-06-01 00:27:09.757,391.202959,413.98486
2024-06-01 00:27:10.269,380.705894,404.7796
2024-06-01 00:27:10.781,380.705894,404.7796
2024-06-01 00:27:11.293,380.705894,404.7796
2024-06-01 00:27:11.805,380.705894,404.7796
2024-06-01 00:27:12.317,370.208829,395.8312
2024-06-01 00:27:12.829,370.208829,395.8312
2024-06-01 00:27:13.341,370.208829,395.8312
2024-06-01 00:27:13.853,370.208829,395.8312
2024-06-01 00:27:14.365,370.208829,395.8312
2024-06-01 00:27:14.877,370.208829,395.8312
2024-06-01 00:27:15.389,370.208829,395.8312
2024-06-01 00:27:15.901,370.208829,395.8312
2024-06-01 00:27:16.413,380.705894,404.7796
2024-06-01 00:27:16.925,380.705894,404.7796
2024-06-01 00:27:17.437,380.705894,404.7796
2024-06-01 00:27:17.949,380.705894,404.7796
2024-06-01 00:27:18.461,380.705894,404.7796
2024-06-01 00:27:18.973,380.705894,404.7796
2024-06-01 00:27:19.485,380.705894,404.7796
2024-06-01 00:28:25.532,380.705894,404.77963
2024-06-01 00:28:26.044,370.208829,395.83118
2024-06-01 00:28:26.556,370.849748,395.8312
2024-06-01 00:28:27.068,370.849748,395.8312
2024-06-01 00:28:27.580,370.849748,395.8312
2024-06-01 00:28:28.092,360.334511,387.1515
2024-06-01 00:28:28.604,360.334511,387.1515
2024-06-01 00:28:29.116,360.334511,387.1515
2024-06-01 00:28:29.628,360.334511,387.1515
2024-06-01 00:28:30.140,370.849748,395.8312
2024-06-01 00:28:30.652,370.849748,395.8312
2024-06-01 00:28:31.164,370.849748,395.8312
2024-06-01 00:28:31.676,370.849748,395.8312
2024-06-01 00:28:32.188,391.880224,413.98486
2024-06-01 00:28:32.700,391.880224,413.98486
2024-06-01 00:28:33.212,391.880224,413.98486
2024-06-01 00:28:33.724,391.880224,413.98486
2024-06-01 00:28:34.236,370.849748,395.8312
2024-06-01 00:28:34.748,370.849748,395.8312
2024-06-01 00:28:35.260,370.849748,395.8312
2024-06-01 00:28:35.772,370.849748,395.8312
2024-06-01 00:28:36.284,360.334511,387.1515
2024-06-01 00:28:36.796,360.334511,387.1515
2024-06-01 00:28:37.308,360.334511,387.1515
2024-06-01 00:28:37.820,360.334511,387.1515
2024-06-01 00:28:38.332,370.849748,395.8312
2024-06-01 00:28:38.844,370.849748,395.8312
2024-06-01 00:28:39.356,370.849748,395.8312
2024-06-01 00:28:39.868,370.849748,395.8312
2024-06-01 00:28:40.380,381.364986,404.7796
2024-06-01 00:28:40.892,381.364986,404.7796
2024-06-01 00:28:41.404,381.364986,404.7796
2024-06-01 00:29:47.451,381.364986,404.77963
2024-06-01 00:29:47.963,433.941174,445.78357
2024-06-01 00:29:48.475,433.191218,445.7835
2024-06-01 00:29:48.987,433.191218,445.7835
2024-06-01 00:29:49.499,433.191218,445.7835
2024-06-01 00:29:50.011,433.191218,445.7835
2024-06-01 00:29:50.523,433.191218,445.7835
2024-06-01 00:29:51.035,433.191218,445.7835
2024-06-01 00:29:51.547,433.191218,445.7835
2024-06-01 00:29:52.059,412.197088,431.92004
2024-06-01 00:29:52.571,412.197088,431.92004
2024-06-01 00:29:53.083,412.197088,431.92004
2024-06-01 00:29:53.595,412.197088,431.92004
2024-06-01 00:29:54.107,433.191218,445.7835
2024-06-01 00:29:54.619,433.191218,445.7835
2024-06-01 00:29:55.131,433.191218,445.7835
2024-06-01 00:29:55.643,433.191218,445.7835
2024-06-01 00:29:56.155,412.197088,431.92004
2024-06-01 00:29:56.667,412.197088,431.92004
2024-06-01 00:29:57.179,412.197088,431.92004
2024-06-01 00:29:57.691,412.197088,431.92004
2024-06-01 00:29:58.203,433.191218,445.7835
2024-06-01 00:29:58.715,433.191218,445.7835
2024-06-01 00:29:59.227,433.191218,445.7835
2024-06-01 00:29:59.739,433.191218,445.7835
2024-06-01 00:30:00.251,464.682412,467.11542
2024-06-01 00:30:00.763,464.682412,467.11542
2024-06-01 00:30:01.275,464.682412,467.11542
2024-06-01 00:30:01.787,464.682412,467.11542
2024-06-01 00:30:02.299,443.688282,452.81873
2024-06-01 00:30:02.811,443.688282,452.81873
2024-06-01 00:30:03.323,443.688282,452.44803
2024-06-01 00:31:09.370,443.688282,452.44806
2024-06-01 00:31:09.882,454.185347,459.7699
2024-06-01 00:31:10.394,454.185347,459.7699
2024-06-01 00:31:10.906,454.185347,459.7699
2024-06-01 00:31:11.418,454.185347,459.7699
2024-06-01 00:31:11.930,443.688282,452.44803
2024-06-01 00:31:12.442,443.688282,452.44803
2024-06-01 00:31:12.954,443.688282,452.44803
2024-06-01 00:31:13.466,443.688282,452.44803
2024-06-01 00:31:13.978,475.179477,474.41354
2024-06-01 00:31:14.490,475.179477,474.41354
2024-06-01 00:31:15.002,475.179477,474.41354
2024-06-01 00:31:15.514,475.179477,474.41354
2024-06-01 00:31:16.026,454.185347,459.7699
2024-06-01 00:31:16.538,454.185347,459.7699
2024-06-01 00:31:17.050,454.185347,459.7699
2024-06-01 00:31:17.562,454.185347,459.7699
2024-06-01 00:31:18.074,454.185347,459.7699
2024-06-01 00:31:18.586,454.185347,459.7699
2024-06-01 00:31:19.098,454.185347,459.7699
2024-06-01 00:31:19.610,454.185347,459.7699
2024-06-01 00:31:20.122,454.185347,459.7699
2024-06-01 00:31:20.634,454.185347,459.7699
2024-06-01 00:31:21.146,454.185347,459.7699
2024-06-01 00:31:21.658,454.185347,459.7699
2024-06-01 00:31:22.170,443.688282,452.44803
2024-06-01 00:31:22.682,443.688282,452.44803
2024-06-01 00:31:23.194,443.688282,452.44803
2024-06-01 00:31:23.706,443.688282,452.44803
2024-06-01 00:31:24.218,454.185347,459.7699
2024-06-01 00:31:24.730,454.185347,459.7699
2024-06-01 00:31:25.242,454.185347,460.03265
2024-06-01 00:32:31.289,454.185347,460.03268
2024-06-01 00:32:31.801,454.185347,460.03268
2024-06-01 00:32:32.313,454.185347,460.03265
2024-06-01 00:32:32.825,454.185347,460.03265
2024-06-01 00:32:33.337,454.185347,460.03265
2024-06-01 00:32:33.849,433.191218,445.52902
2024-06-01 00:32:34.361,433.191218,445.52902
2024-06-01 00:32:34.873,433.191218,445.52902
2024-06-01 00:32:35.385,433.191218,445.52902
2024-06-01 00:32:35.897,443.688282,452.78082
2024-06-01 00:32:36.409,443.688282,452.78082
2024-06-01 00:32:36.921,443.688282,452.78082
2024-06-01 00:32:37.433,443.688282,452.78082
2024-06-01 00:32:37.945,454.185347,460.03265
2024-06-01 00:32:38.457,454.185347,460.03265
2024-06-01 00:32:38.969,454.185347,460.03265
2024-06-01 00:32:39.481,454.185347,460.03265
2024-06-01 00:32:39.993,454.185347,460.03265
2024-06-01 00:32:40.505,454.185347,460.03265
2024-06-01 00:32:41.017,454.185347,460.03265
2024-06-01 00:32:41.529,454.185347,460.03265
2024-06-01 00:32:42.041,443.688282,452.78082
2024-06-01 00:32:42.553,443.688282,452.78082
2024-06-01 00:32:43.065,443.688282,452.78082
2024-06-01 00:32:43.577,443.688282,452.78082
2024-06-01 00:32:44.089,433.191218,445.52902
2024-06-01 00:32:44.601,433.191218,445.52902
2024-06-01 00:32:45.113,433.191218,445.52902
2024-06-01 00:32:45.625,433.191218,445.52902
2024-06-01 00:32:46.137,443.688282,452.78082
2024-06-01 00:32:46.649,443.688282,452.78082
2024-06-01 00:32:47.161,443.688282,452.63983
2024-06-01 00:33:53.208,443.688282,452.63983
2024-06-01 00:33:53.720,433.191218,445.38794
2024-06-01 00:33:54.232,433.191218,445.38794
2024-06-01 00:33:54.744,433.191218,445.38794
2024-06-01 00:33:55.256,433.191218,445.38794
2024-06-01 00:33:55.768,443.688282,452.63983
2024-06-01 00:33:56.280,444.456412,452.63983
2024-06-01 00:33:56.792,444.456412,452.63983
2024-06-01 00:33:57.304,444.456412,452.63983
2024-06-01 00:33:57.816,454.971649,459.89172
2024-06-01 00:33:58.328,454.971649,459.89172
2024-06-01 00:33:58.840,454.971649,459.89172
2024-06-01 00:33:59.352,454.971649,459.89172
2024-06-01 00:33:59.864,433.941174,445.38794
2024-06-01 00:34:00.376,433.941174,445.38794
2024-06-01 00:34:00.888,433.941174,445.38794
2024-06-01 00:34:01.400,433.941174,445.38794
2024-06-01 00:34:01.912,454.971649,459.89172
2024-06-01 00:34:02.424,454.971649,459.89172
2024-06-01 00:34:02.936,454.971649,459.89172
2024-06-01 00:34:03.448,454.971649,459.89172
2024-06-01 00:34:03.960,444.456412,452.63983
2024-06-01 00:34:04.472,444.456412,452.63983
2024-06-01 00:34:04.984,444.456412,452.63983
2024-06-01 00:34:05.496,444.456412,452.63983
2024-06-01 00:34:06.008,433.941174,445.38794
2024-06-01 00:34:06.520,433.941174,445.38794
2024-06-01 00:34:07.032,433.941174,445.38794
2024-06-01 00:34:07.544,433.941174,445.38794
2024-06-01 00:34:08.056,444.456412,452.63983
2024-06-01 00:34:08.568,444.456412,452.63983
2024-06-01 00:34:09.080,444.456412,452.63983
2024-06-01 00:35:15.127,444.456412,452.63983
2024-06-01 00:35:15.639,360.334511,394.85052
2024-06-01 00:35:16.151,360.334511,394.85052
2024-06-01 00:35:16.663,360.334511,394.85052
2024-06-01 00:35:17.175,360.334511,394.85052
2024-06-01 00:35:17.687,360.334511,394.85052
2024-06-01 00:35:18.199,360.334511,394.85052
2024-06-01 00:35:18.711,360.334511,394.85052
2024-06-01 00:35:19.223,360.334511,394.85052
2024-06-01 00:35:19.735,360.334511,394.85052
2024-06-01 00:35:20.247,360.334511,394.85052
2024-06-01 00:35:20.759,360.334511,394.85052
2024-06-01 00:35:21.271,360.334511,394.85052
2024-06-01 00:35:21.783,370.849748,403.40576
2024-06-01 00:35:22.295,370.849748,403.40576
2024-06-01 00:35:22.807,370.849748,403.40576
2024-06-01 00:35:23.319,370.849748,403.40576
2024-06-01 00:35:23.831,349.819273,385.83038
2024-06-01 00:35:24.343,349.819273,385.83038
2024-06-01 00:35:24.855,349.819273,385.83038
2024-06-01 00:35:25.367,349.819273,385.83038
2024-06-01 00:35:25.879,360.334511,394.85052
2024-06-01 00:35:26.391,360.334511,394.85052
2024-06-01 00:35:26.903,360.334511,394.85052
2024-06-01 00:35:27.415,360.334511,394.85052
2024-06-01 00:35:27.927,360.334511,394.85052
2024-06-01 00:35:28.439,360.334511,394.85052
2024-06-01 00:35:28.951,360.334511,394.85052
2024-06-01 00:35:29.463,360.334511,394.85052
2024-06-01 00:35:29.975,360.334511,394.85052
2024-06-01 00:35:30.487,360.334511,394.85052
2024-06-01 00:35:30.999,360.334511,386.23657
2024-06-01 00:36:37.047,360.334511,386.2366
2024-06-01 00:36:37.559,349.819273,377.56604
2024-06-01 00:36:38.071,349.2147,377.56598
2024-06-01 00:36:38.583,349.2147,377.56598
2024-06-01 00:36:39.095,349.2147,377.56598
2024-06-01 00:36:39.607,349.2147,377.56598
2024-06-01 00:36:40.119,349.2147,377.56598
2024-06-01 00:36:40.631,349.2147,377.56598
2024-06-01 00:36:41.143,349.2147,377.56598
2024-06-01 00:36:41.655,349.2147,377.56598
2024-06-01 00:36:42.167,349.2147,377.56598
2024-06-01 00:36:42.679,349.2147,377.56598
2024-06-01 00:36:43.191,349.2147,377.56598
2024-06-01 00:36:43.703,380.705894,404.14578
2024-06-01 00:36:44.215,380.705894,404.14578
2024-06-01 00:36:44.727,380.705894,404.14578
2024-06-01 00:36:45.239,380.705894,404.14578
2024-06-01 00:36:45.751,349.2147,377.56598
2024-06-01 00:36:46.263,349.2147,377.56598
2024-06-01 00:36:46.775,349.2147,377.56598
2024-06-01 00:36:47.286,349.2147,377.56598
2024-06-01 00:36:47.798,349.2147,377.56598
2024-06-01 00:36:48.310,349.2147,377.56598
2024-06-01 00:36:48.822,349.2147,377.56598
2024-06-01 00:36:49.334,349.2147,377.56598
2024-06-01 00:36:49.846,349.2147,377.56598
2024-06-01 00:36:50.358,349.2147,377.56598
2024-06-01 00:36:50.870,349.2147,377.56598
2024-06-01 00:36:51.382,349.2147,377.56598
2024-06-01 00:36:51.894,359.711764,386.23657
2024-06-01 00:36:52.406,359.711764,386.23657
2024-06-01 00:36:52.918,359.711764,385.95764
2024-06-01 00:37:58.966,359.711764,385.95758
2024-06-01 00:37:59.478,317.723506,351.28436
2024-06-01 00:37:59.990,317.723506,351.28436
2024-06-01 00:38:00.502,317.723506,351.28436
2024-06-01 00:38:01.014,317.723506,351.28436
2024-06-01 00:38:01.526,349.2147,377.22272
2024-06-01 00:38:02.038,349.819273,377.22272
2024-06-01 00:38:02.550,349.819273,377.22272
2024-06-01 00:38:03.062,349.819273,377.22272
2024-06-01 00:38:03.574,328.788798,359.8797
2024-06-01 00:38:04.086,328.22057,359.8797
2024-06-01 00:38:04.598,328.22057,359.8797
2024-06-01 00:38:05.110,328.22057,359.8797
2024-06-01 00:38:05.622,349.2147,377.22272
2024-06-01 00:38:06.134,349.819273,377.22272
2024-06-01 00:38:06.646,349.819273,377.22272
2024-06-01 00:38:07.158,349.819273,377.22272
2024-06-01 00:38:07.670,339.304035,368.5512
2024-06-01 00:38:08.182,339.304035,368.5512
2024-06-01 00:38:08.694,339.304035,368.5512
2024-06-01 00:38:09.206,339.304035,368.5512
2024-06-01 00:38:09.718,339.304035,368.5512
2024-06-01 00:38:10.230,339.304035,368.5512
2024-06-01 00:38:10.742,339.304035,368.5512
2024-06-01 00:38:11.254,339.304035,368.5512
2024-06-01 00:38:11.766,328.788798,359.8797
2024-06-01 00:38:12.278,328.22057,359.8797
2024-06-01 00:38:12.790,328.22057,359.8797
2024-06-01 00:38:13.302,328.22057,359.8797
2024-06-01 00:38:13.814,338.717635,368.5512
2024-06-01 00:38:14.326,338.717635,368.5512
2024-06-01 00:38:14.838,338.717635,367.95053
2024-06-01 00:39:20.885,338.717635,367.95056
2024-06-01 00:39:21.397,338.717635,367.95056
2024-06-01 00:39:21.909,339.304035,367.95053
2024-06-01 00:39:22.421,339.304035,367.95053
2024-06-01 00:39:22.933,339.304035,367.95053
2024-06-01 00:39:23.445,360.334511,385.731
2024-06-01 00:39:23.957,360.334511,385.731
2024-06-01 00:39:24.469,360.334511,385.731
2024-06-01 00:39:24.981,360.334511,385.731
2024-06-01 00:39:25.493,370.849748,394.75705
2024-06-01 00:39:26.005,370.208829,394.75705
2024-06-01 00:39:26.517,370.208829,394.75705
2024-06-01 00:39:27.029,370.208829,394.75705
2024-06-01 00:39:27.541,359.711764,385.731
2024-06-01 00:39:28.053,359.711764,385.731
2024-06-01 00:39:28.565,359.711764,385.731
2024-06-01 00:39:29.077,359.711764,385.731
2024-06-01 00:39:29.589,359.711764,385.731
2024-06-01 00:39:30.101,359.711764,385.731
2024-06-01 00:39:30.613,359.711764,385.731
2024-06-01 00:39:31.125,359.711764,385.731
2024-06-01 00:39:31.637,349.2147,376.705
2024-06-01 00:39:32.149,349.2147,376.705
2024-06-01 00:39:32.661,349.2147,376.705
2024-06-01 00:39:33.173,349.2147,376.705
2024-06-01 00:39:33.685,401.700023,421.8352
2024-06-01 00:39:34.197,402.395461,421.8352
2024-06-01 00:39:34.709,402.395461,421.8352
2024-06-01 00:39:35.221,402.395461,421.8352
2024-06-01 00:39:35.733,381.364986,403.78308
2024-06-01 00:39:36.245,380.705894,403.78308
2024-06-01 00:39:36.757,380.705894,404.1068
2024-06-01 00:40:42.804,380.705894,404.1068
2024-06-01 00:40:43.316,359.711764,386.15067
2024-06-01 00:40:43.828,360.334511,386.15067
2024-06-01 00:40:44.340,360.334511,386.15067
2024-06-01 00:40:44.852,360.334511,386.15067
2024-06-01 00:40:45.364,360.334511,386.15067
2024-06-01 00:40:45.876,360.334511,386.15067
2024-06-01 00:40:46.388,360.334511,386.15067
2024-06-01 00:40:46.900,360.334511,386.15067
2024-06-01 00:40:47.412,370.849748,395.08075
2024-06-01 00:40:47.924,370.849748,395.08075
2024-06-01 00:40:48.436,370.849748,395.08075
2024-06-01 00:40:48.948,370.849748,395.08075
2024-06-01 00:40:49.460,360.334511,386.15067
2024-06-01 00:40:49.972,360.334511,386.15067
2024-06-01 00:40:50.484,360.334511,386.15067
2024-06-01 00:40:50.996,360.334511,386.15067
2024-06-01 00:40:51.508,339.304035,368.80865
2024-06-01 00:40:52.020,339.304035,368.80865
2024-06-01 00:40:52.532,339.304035,368.80865
2024-06-01 00:40:53.044,339.304035,368.80865
2024-06-01 00:40:53.556,318.27356,351.57114
2024-06-01 00:40:54.068,318.27356,351.57114
2024-06-01 00:40:54.580,318.27356,351.57114
2024-06-01 00:40:55.092,318.27356,351.57114
2024-06-01 00:40:55.604,328.788798,360.16486
2024-06-01 00:40:56.116,328.788798,360.16486
2024-06-01 00:40:56.628,328.788798,360.16486
2024-06-01 00:40:57.140,328.788798,360.16486
2024-06-01 00:40:57.652,349.819273,377.48016
2024-06-01 00:40:58.164,349.819273,377.48016
2024-06-01 00:40:58.676,349.819273,377.48016
2024-06-01 00:42:04.723,349.819273,377.48022
2024-06-01 00:42:05.235,402.395461,422.30286
2024-06-01 00:42:05.747,401.700023,422.30286
2024-06-01 00:42:06.259,401.700023,422.30286
2024-06-01 00:42:06.771,401.700023,422.30286
2024-06-01 00:42:07.283,412.197088,431.52197
2024-06-01 00:42:07.795,412.197088,431.52197
2024-06-01 00:42:08.307,412.197088,431.52197
2024-06-01 00:42:08.819,412.197088,431.52197
2024-06-01 00:42:09.331,391.202959,413.13287
2024-06-01 00:42:09.843,391.202959,413.13287
2024-06-01 00:42:10.355,391.202959,413.13287
2024-06-01 00:42:10.867,391.202959,413.13287
2024-06-01 00:42:11.379,422.694153,439.4432
2024-06-01 00:42:11.891,422.694153,439.4432
2024-06-01 00:42:12.403,422.694153,439.4432
2024-06-01 00:42:12.915,422.694153,439.4432
2024-06-01 00:42:13.427,391.202959,413.13287
2024-06-01 00:42:13.939,391.202959,413.13287
2024-06-01 00:42:14.451,391.202959,413.13287
2024-06-01 00:42:14.963,391.202959,413.13287
2024-06-01 00:42:15.475,401.700023,422.30286
2024-06-01 00:42:15.987,401.700023,422.30286
2024-06-01 00:42:16.499,401.700023,422.30286
2024-06-01 00:42:17.011,401.700023,422.30286
2024-06-01 00:42:17.523,422.694153,439.4432
2024-06-01 00:42:18.035,422.694153,439.4432
2024-06-01 00:42:18.547,422.694153,439.4432
2024-06-01 00:42:19.059,422.694153,439.4432
2024-06-01 00:42:19.571,401.700023,422.30286
2024-06-01 00:42:20.083,401.700023,422.30286
2024-06-01 00:42:20.595,401.700023,423.4178
2024-06-01 00:43:26.642,401.700023,423.41772
2024-06-01 00:43:27.154,328.22057,364.3208
2024-06-01 00:43:27.666,328.22057,364.3208
2024-06-01 00:43:28.178,328.22057,364.3208
2024-06-01 00:43:28.690,328.22057,364.3208
2024-06-01 00:43:29.202,349.2147,381.52847
2024-06-01 00:43:29.714,349.819273,381.52847
2024-06-01 00:43:30.226,349.819273,381.52847
2024-06-01 00:43:30.738,349.819273,381.52847
2024-06-01 00:43:31.250,339.304035,372.92468
2024-06-01 00:43:31.762,338.717635,372.92468
2024-06-01 00:43:32.274,338.717635,372.92468
2024-06-01 00:43:32.786,338.717635,372.92468
2024-06-01 00:43:33.298,338.717635,372.92468
2024-06-01 00:43:33.810,338.717635,372.92468
2024-06-01 00:43:34.322,338.717635,372.92468
2024-06-01 00:43:34.834,338.717635,372.92468
2024-06-01 00:43:35.346,328.22057,364.3208
2024-06-01 00:43:35.858,328.22057,364.3208
2024-06-01 00:43:36.370,328.22057,364.3208
2024-06-01 00:43:36.882,328.22057,364.3208
2024-06-01 00:43:37.394,338.717635,372.92468
2024-06-01 00:43:37.906,338.717635,372.92468
2024-06-01 00:43:38.418,338.717635,372.92468
2024-06-01 00:43:38.930,338.717635,372.92468
2024-06-01 00:43:39.442,349.2147,381.52847
2024-06-01 00:43:39.954,349.2147,381.52847
2024-06-01 00:43:40.466,349.2147,381.52847
2024-06-01 00:43:40.978,349.2147,381.52847
2024-06-01 00:43:41.490,317.723506,355.71695
2024-06-01 00:43:42.002,317.723506,355.71695
2024-06-01 00:43:42.514,317.723506,350.43585
2024-06-01 00:44:48.561,317.723506,350.43588
2024-06-01 00:44:49.073,338.717635,367.7824
2024-06-01 00:44:49.585,339.304035,367.7824
2024-06-01 00:44:50.097,339.304035,367.7824
2024-06-01 00:44:50.609,339.304035,367.7824
2024-06-01 00:44:51.121,328.788798,359.1074
2024-06-01 00:44:51.633,328.788798,359.1074
2024-06-01 00:44:52.145,328.788798,359.1074
2024-06-01 00:44:52.657,328.788798,359.1074
2024-06-01 00:44:53.169,339.304035,367.7824
2024-06-01 00:44:53.681,339.304035,367.7824
2024-06-01 00:44:54.193,339.304035,367.7824
2024-06-01 00:44:54.705,339.304035,367.7824
2024-06-01 00:44:55.217,339.304035,367.7824
2024-06-01 00:44:55.729,339.304035,367.7824
2024-06-01 00:44:56.241,339.304035,367.7824
2024-06-01 00:44:56.753,339.304035,367.7824
2024-06-01 00:44:57.265,328.788798,359.1074
2024-06-01 00:44:57.777,328.788798,359.1074
2024-06-01 00:44:58.289,328.788798,359.1074
2024-06-01 00:44:58.801,328.788798,359.1074
2024-06-01 00:44:59.313,328.788798,359.1074
2024-06-01 00:44:59.825,328.788798,359.1074
2024-06-01 00:45:00.337,328.788798,359.1074
2024-06-01 00:45:00.849,328.788798,359.1074
2024-06-01 00:45:01.361,349.819273,376.64023
2024-06-01 00:45:01.873,349.819273,376.64023
2024-06-01 00:45:02.385,349.819273,376.64023
2024-06-01 00:45:02.897,349.819273,376.64023
2024-06-01 00:45:03.409,339.304035,367.7824
2024-06-01 00:45:03.921,338.717635,367.7824
2024-06-01 00:45:04.433,338.717635,367.6175
2024-06-01 00:46:10.480,338.717635,367.6175
2024-06-01 00:46:10.992,338.717635,367.6175
2024-06-01 00:46:11.504,339.304035,367.6175
2024-06-01 00:46:12.016,339.304035,367.6175
2024-06-01 00:46:12.528,339.304035,367.6175
2024-06-01 00:46:13.040,349.819273,376.55933
2024-06-01 00:46:13.552,349.819273,376.55933
2024-06-01 00:46:14.064,349.819273,376.55933
2024-06-01 00:46:14.576,349.819273,376.55933
2024-06-01 00:46:15.088,339.304035,367.6175
2024-06-01 00:46:15.600,339.304035,367.6175
2024-06-01 00:46:16.112,339.304035,367.6175
2024-06-01 00:46:16.624,339.304035,367.6175
2024-06-01 00:46:17.136,360.334511,385.5853
2024-06-01 00:46:17.648,360.334511,385.5853
2024-06-01 00:46:18.160,360.334511,385.5853
2024-06-01 00:46:18.672,360.334511,385.5853
2024-06-01 00:46:19.184,328.788798,358.89282
2024-06-01 00:46:19.696,328.788798,358.89282
2024-06-01 00:46:20.208,328.788798,358.89282
2024-06-01 00:46:20.720,328.788798,358.89282
2024-06-01 00:46:21.232,349.819273,376.55933
2024-06-01 00:46:21.744,349.819273,376.55933
2024-06-01 00:46:22.256,349.819273,376.55933
2024-06-01 00:46:22.768,349.819273,376.55933
2024-06-01 00:46:23.280,307.758322,341.64606
2024-06-01 00:46:23.792,307.758322,341.64606
2024-06-01 00:46:24.304,307.758322,341.64606
2024-06-01 00:46:24.816,307.758322,341.64606
2024-06-01 00:46:25.328,307.758322,341.64606
2024-06-01 00:46:25.840,307.226441,341.64606
2024-06-01 00:46:26.352,307.226441,342.078
2024-06-01 00:47:32.400,307.226441,342.078
2024-06-01 00:47:32.912,275.735247,316.60828
2024-06-01 00:47:33.424,275.257884,315.30896
2024-06-01 00:47:33.935,275.257884,315.30896
2024-06-01 00:47:34.447,275.257884,316.60828
2024-06-01 00:47:34.959,275.257884,316.60828
2024-06-01 00:47:35.471,275.257884,316.60828
2024-06-01 00:47:35.983,275.257884,316.60828
2024-06-01 00:47:36.495,275.257884,316.60828
2024-06-01 00:47:37.007,264.778992,308.28235
2024-06-01 00:47:37.519,265.238182,308.28235
2024-06-01 00:47:38.031,265.238182,308.28235
2024-06-01 00:47:38.543,265.238182,308.28235
2024-06-01 00:47:39.055,275.735247,316.60828
2024-06-01 00:47:39.567,275.257884,316.60828
2024-06-01 00:47:40.079,275.257884,316.60828
2024-06-01 00:47:40.591,275.257884,316.60828
2024-06-01 00:47:41.103,264.778992,308.28235
2024-06-01 00:47:41.615,264.778992,308.28235
2024-06-01 00:47:42.127,264.778992,308.28235
2024-06-01 00:47:42.639,264.778992,308.28235
2024-06-01 00:47:43.151,285.736775,325.07056
2024-06-01 00:47:43.663,286.232311,325.07056
2024-06-01 00:47:44.175,286.232311,325.07056
2024-06-01 00:47:44.687,286.232311,325.07056
2024-06-01 00:47:45.199,275.735247,316.60828
2024-06-01 00:47:45.711,275.735247,316.60828
2024-06-01 00:47:46.223,275.735247,316.60828
2024-06-01 00:47:46.735,275.735247,316.60828
2024-06-01 00:47:47.247,265.238182,308.28235
2024-06-01 00:47:47.759,264.778992,308.28235
2024-06-01 00:47:48.271,264.778992,308.16687
2024-06-01 00:48:54.319,264.778992,308.16684
2024-06-01 00:48:54.831,254.3001,300.5586
2024-06-01 00:48:55.343,254.741117,300.5586
2024-06-01 00:48:55.855,254.741117,300.5586
2024-06-01 00:48:56.367,254.741117,300.5586
2024-06-01 00:48:56.879,254.741117,300.5586
2024-06-01 00:48:57.391,254.741117,300.5586
2024-06-01 00:48:57.903,254.741117,300.5586
2024-06-01 00:48:58.415,254.741117,300.5586
2024-06-01 00:48:58.927,254.741117,300.5586
2024-06-01 00:48:59.439,254.3001,299.29654
2024-06-01 00:48:59.951,254.3001,299.29654
2024-06-01 00:49:00.463,254.3001,300.5586
2024-06-01 00:49:00.975,264.778992,308.16687
2024-06-01 00:49:01.487,264.778992,308.16687
2024-06-01 00:49:01.999,264.778992,308.16687
2024-06-01 00:49:02.511,264.778992,308.16687
2024-06-01 00:49:03.023,264.778992,308.16687
2024-06-01 00:49:03.535,265.238182,308.16687
2024-06-01 00:49:04.047,265.238182,308.16687
2024-06-01 00:49:04.559,265.238182,308.16687
2024-06-01 00:49:05.071,349.2147,375.78662
2024-06-01 00:49:05.583,348.610126,375.78662
2024-06-01 00:49:06.095,348.610126,375.78662
2024-06-01 00:49:06.606,348.610126,375.78662
2024-06-01 00:49:07.118,275.257884,315.8895
2024-06-01 00:49:07.630,275.257884,315.8895
2024-06-01 00:49:08.142,275.257884,315.8895
2024-06-01 00:49:08.654,275.257884,315.8895
2024-06-01 00:49:09.166,275.257884,315.8895
2024-06-01 00:49:09.678,275.735247,315.8895
2024-06-01 00:49:10.190,275.735247,316.84653
2024-06-01 00:50:16.238,275.735247,316.84656
2024-06-01 00:50:16.750,286.232311,324.62952
2024-06-01 00:50:17.262,286.232311,324.6295
2024-06-01 00:50:17.774,286.232311,324.6295
2024-06-01 00:50:18.286,286.232311,324.6295
2024-06-01 00:50:18.798,359.711764,384.64655
2024-06-01 00:50:19.310,359.089018,384.64655
2024-06-01 00:50:19.822,359.089018,384.64655
2024-06-01 00:50:20.334,359.089018,384.64655
2024-06-01 00:50:20.846,275.257884,316.84653
2024-06-01 00:50:21.358,275.735247,316.84653
2024-06-01 00:50:21.870,275.735247,316.84653
2024-06-01 00:50:22.382,275.735247,316.84653
2024-06-01 00:50:22.894,296.729376,332.6717
2024-06-01 00:50:23.406,296.729376,332.6717
2024-06-01 00:50:23.918,296.729376,332.6717
2024-06-01 00:50:24.430,296.729376,332.6717
2024-06-01 00:50:24.942,296.729376,332.6717
2024-06-01 00:50:25.454,296.729376,332.6717
2024-06-01 00:50:25.966,296.729376,332.6717
2024-06-01 00:50:26.478,296.729376,332.6717
2024-06-01 00:50:26.990,275.735247,316.84653
2024-06-01 00:50:27.502,275.735247,316.84653
2024-06-01 00:50:28.014,275.735247,316.84653
2024-06-01 00:50:28.526,275.735247,316.84653
2024-06-01 00:50:29.038,265.238182,309.0636
2024-06-01 00:50:29.550,265.238182,309.0636
2024-06-01 00:50:30.062,265.238182,309.0636
2024-06-01 00:50:30.574,265.238182,309.0636
2024-06-01 00:50:31.086,275.735247,316.84653
2024-06-01 00:50:31.598,275.735247,316.84653
2024-06-01 00:50:32.110,275.735247,315.56085
2024-06-01 00:51:38.157,275.735247,315.56088
2024-06-01 00:51:38.669,296.729376,332.08286
2024-06-01 00:51:39.181,296.729376,332.08282
2024-06-01 00:51:39.693,296.729376,332.08282
2024-06-01 00:51:40.205,296.729376,332.08282
2024-06-01 00:51:40.717,254.741117,300.3273
2024-06-01 00:51:41.229,254.741117,300.3273
2024-06-01 00:51:41.741,254.741117,300.3273
2024-06-01 00:51:42.253,254.741117,300.3273
2024-06-01 00:51:42.765,275.735247,315.56085
2024-06-01 00:51:43.277,275.257884,313.11313
2024-06-01 00:51:43.789,275.257884,313.11313
2024-06-01 00:51:44.301,275.257884,315.56085
2024-06-01 00:51:44.813,264.778992,307.93555
2024-06-01 00:51:45.325,264.778992,307.93555
2024-06-01 00:51:45.837,264.778992,307.93555
2024-06-01 00:51:46.349,264.778992,307.93555
2024-06-01 00:51:46.861,264.778992,307.93555
2024-06-01 00:51:47.373,265.238182,307.93555
2024-06-01 00:51:47.885,265.238182,307.93555
2024-06-01 00:51:48.397,265.238182,307.93555
2024-06-01 00:51:48.909,254.741117,300.3273
2024-06-01 00:51:49.421,254.3001,299.0652
2024-06-01 00:51:49.933,254.3001,299.0652
2024-06-01 00:51:50.445,254.3001,295.31683
2024-06-01 00:51:50.957,254.3001,295.31683
2024-06-01 00:51:51.469,254.741117,300.3273
2024-06-01 00:51:51.981,254.741117,300.3273
2024-06-01 00:51:52.493,254.741117,300.3273
2024-06-01 00:51:53.005,265.238182,307.93555
2024-06-01 00:51:53.517,264.778992,307.93555
2024-06-01 00:51:54.029,264.778992,308.8722
2024-06-01 00:53:00.076,264.778992,308.8722
2024-06-01 00:53:00.588,317.173451,349.6194
2024-06-01 00:53:01.100,317.173451,348.39514
2024-06-01 00:53:01.612,317.173451,348.39514
2024-06-01 00:53:02.124,317.173451,349.6194
2024-06-01 00:53:02.636,317.173451,349.6194
2024-06-01 00:53:03.148,317.723506,349.6194
2024-06-01 00:53:03.660,317.723506,349.6194
2024-06-01 00:53:04.172,317.723506,349.6194
2024-06-01 00:53:04.684,328.22057,358.34637
2024-06-01 00:53:05.196,328.22057,358.34637
2024-06-01 00:53:05.708,328.22057,358.34637
2024-06-01 00:53:06.220,328.22057,358.34637
2024-06-01 00:53:06.732,328.22057,358.34637
2024-06-01 00:53:07.244,327.652343,358.34637
2024-06-01 00:53:07.756,327.652343,358.34637
2024-06-01 00:53:08.268,327.652343,358.34637
2024-06-01 00:53:08.780,327.652343,358.34637
2024-06-01 00:53:09.292,328.22057,358.34637
2024-06-01 00:53:09.804,328.22057,358.34637
2024-06-01 00:53:10.316,328.22057,358.34637
2024-06-01 00:53:10.828,317.723506,349.6194
2024-06-01 00:53:11.340,317.723506,349.6194
2024-06-01 00:53:11.852,317.723506,349.6194
2024-06-01 00:53:12.364,317.723506,349.6194
2024-06-01 00:53:12.876,317.723506,349.6194
2024-06-01 00:53:13.388,317.173451,349.6194
2024-06-01 00:53:13.900,317.173451,349.6194
2024-06-01 00:53:14.412,317.173451,347.1902
2024-06-01 00:53:14.924,317.173451,347.1902
2024-06-01 00:53:15.436,317.723506,349.6194
2024-06-01 00:53:15.948,317.723506,349.96393
2024-06-01 00:54:21.995,317.723506,349.9639
2024-06-01 00:54:22.507,317.723506,349.9639
2024-06-01 00:54:23.019,317.173451,349.96393
2024-06-01 00:54:23.531,317.173451,349.96393
2024-06-01 00:54:24.043,317.173451,349.96393
2024-06-01 00:54:24.555,338.131235,367.4354
2024-06-01 00:54:25.067,338.131235,365.15085
2024-06-01 00:54:25.579,338.131235,365.15085
2024-06-01 00:54:26.091,338.131235,367.4354
2024-06-01 00:54:26.603,317.173451,349.96393
2024-06-01 00:54:27.115,317.723506,349.96393
2024-06-01 00:54:27.627,317.723506,349.96393
2024-06-01 00:54:28.139,317.723506,349.96393
2024-06-01 00:54:28.651,338.717635,367.4354
2024-06-01 00:54:29.163,338.131235,367.4354
2024-06-01 00:54:29.675,338.131235,367.4354
2024-06-01 00:54:30.187,338.131235,366.24493
2024-06-01 00:54:30.699,327.652343,357.48053
2024-06-01 00:54:31.211,327.652343,358.65112
2024-06-01 00:54:31.723,327.652343,358.65112
2024-06-01 00:54:32.235,327.652343,358.65112
2024-06-01 00:54:32.747,317.173451,349.96393
2024-06-01 00:54:33.259,317.723506,349.96393
2024-06-01 00:54:33.771,317.723506,349.96393
2024-06-01 00:54:34.283,317.723506,349.96393
2024-06-01 00:54:34.795,317.723506,349.96393
2024-06-01 00:54:35.307,317.173451,346.61945
2024-06-01 00:54:35.819,317.173451,346.61945
2024-06-01 00:54:36.331,317.173451,349.96393
2024-06-01 00:54:36.843,327.652343,358.65112
2024-06-01 00:54:37.355,328.22057,358.65112
2024-06-01 00:54:37.867,328.22057,358.65112
2024-06-01 00:55:43.914,328.22057,358.65112
2024-06-01 00:55:44.426,349.2147,376.46216
2024-06-01 00:55:44.938,349.2147,376.46216
2024-06-01 00:55:45.450,349.2147,376.46216
2024-06-01 00:55:45.962,349.2147,376.46216
2024-06-01 00:55:46.474,338.717635,367.4354
2024-06-01 00:55:46.986,338.131235,367.4354
2024-06-01 00:55:47.498,338.131235,367.4354
2024-06-01 00:55:48.010,338.131235,367.4354
2024-06-01 00:55:48.522,338.131235,367.4354
2024-06-01 00:55:49.034,338.131235,366.24493
2024-06-01 00:55:49.546,338.131235,366.24493
2024-06-01 00:55:50.058,338.131235,367.4354
2024-06-01 00:55:50.570,348.610126,376.46216
2024-06-01 00:55:51.082,348.610126,376.46216
2024-06-01 00:55:51.594,348.610126,376.46216
2024-06-01 00:55:52.106,348.610126,376.46216
2024-06-01 00:55:52.618,348.610126,376.46216
2024-06-01 00:55:53.130,349.2147,376.46216
2024-06-01 00:55:53.642,349.2147,376.46216
2024-06-01 00:55:54.154,349.2147,376.46216
2024-06-01 00:55:54.666,349.2147,376.46216
2024-06-01 00:55:55.178,349.2147,376.46216
2024-06-01 00:55:55.690,349.2147,376.46216
2024-06-01 00:55:56.202,349.2147,376.46216
2024-06-01 00:55:56.714,370.208829,394.51422
2024-06-01 00:55:57.226,369.56791,393.32336
2024-06-01 00:55:57.738,369.56791,393.32336
2024-06-01 00:55:58.250,369.56791,394.51422
2024-06-01 00:55:58.762,359.089018,385.48816
2024-06-01 00:55:59.274,359.089018,385.48816
2024-06-01 00:55:59.786,359.089018,385.8119
2024-06-01 00:57:05.833,359.089018,385.81195
2024-06-01 00:57:06.345,359.089018,385.81195
2024-06-01 00:57:06.857,359.089018,385.8119
2024-06-01 00:57:07.369,359.089018,385.8119
2024-06-01 00:57:07.881,359.089018,385.8119
2024-06-01 00:57:08.393,359.089018,385.8119
2024-06-01 00:57:08.905,359.711764,385.8119
2024-06-01 00:57:09.417,359.711764,385.8119
2024-06-01 00:57:09.929,359.711764,385.8119
2024-06-01 00:57:10.441,328.22057,359.49353
2024-06-01 00:57:10.953,327.652343,358.33865
2024-06-01 00:57:11.465,327.652343,358.33865
2024-06-01 00:57:11.977,327.652343,359.49353
2024-06-01 00:57:12.489,317.173451,350.85425
2024-06-01 00:57:13.001,317.173451,350.85425
2024-06-01 00:57:13.513,317.173451,350.85425
2024-06-01 00:57:14.025,317.173451,350.85425
2024-06-01 00:57:14.537,338.131235,368.16507
2024-06-01 00:57:15.049,338.717635,368.16507
2024-06-01 00:57:15.561,338.717635,368.16507
2024-06-01 00:57:16.073,338.717635,368.16507
2024-06-01 00:57:16.585,328.22057,359.49353
2024-06-01 00:57:17.097,327.652343,359.49353
2024-06-01 00:57:17.609,327.652343,359.49353
2024-06-01 00:57:18.121,327.652343,359.49353
2024-06-01 00:57:18.633,317.173451,350.85425
2024-06-01 00:57:19.145,317.173451,350.85425
2024-06-01 00:57:19.657,317.173451,350.85425
2024-06-01 00:57:20.169,317.173451,350.85425
2024-06-01 00:57:20.681,338.131235,368.16507
2024-06-01 00:57:21.193,338.717635,368.16507
2024-06-01 00:57:21.705,338.717635,368.59415
2024-06-01 00:58:27.752,338.717635,334.34195
2024-06-01 00:58:28.264,328.22057,324.8158
2024-06-01 00:58:28.776,325.94766,324.65405
2024-06-01 00:58:29.288,325.94766,324.65405
2024-06-01 00:58:29.800,325.94766,325.00067
2024-06-01 00:58:30.312,325.94766,325.00067
2024-06-01 00:58:30.824,325.94766,324.8158
2024-06-01 00:58:31.336,325.94766,324.8158
2024-06-01 00:58:31.848,325.94766,325.00067
2024-06-01 00:58:32.360,336.372034,334.53082
2024-06-01 00:58:32.872,336.372034,334.71967
2024-06-01 00:58:33.384,336.372034,334.71967
2024-06-01 00:58:33.896,336.372034,334.53082
2024-06-01 00:58:34.408,325.94766,325.00067
2024-06-01 00:58:34.920,325.94766,324.65405
2024-06-01 00:58:35.432,325.94766,324.65405
2024-06-01 00:58:35.944,325.94766,324.65405
2024-06-01 00:58:36.456,325.94766,324.65405
2024-06-01 00:58:36.968,325.379433,324.8158
2024-06-01 00:58:37.480,325.379433,324.8158
2024-06-01 00:58:37.992,325.379433,324.65405
2024-06-01 00:58:38.504,325.379433,324.65405
2024-06-01 00:58:39.016,325.94766,324.8158
2024-06-01 00:58:39.528,325.94766,324.8158
2024-06-01 00:58:40.040,325.94766,324.8158
2024-06-01 00:58:40.552,325.94766,324.8158
2024-06-01 00:58:41.064,325.94766,324.8158
2024-06-01 00:58:41.576,325.94766,324.8158
2024-06-01 00:58:42.088,325.94766,325.18564
2024-06-01 00:58:42.600,336.372034,334.71967
2024-06-01 00:58:43.112,336.372034,334.53082
2024-06-01 00:58:43.624,336.372034,335.3004
2024-06-01 00:59:49.672,336.372034,329.53827
2024-06-01 00:59:50.184,252.977049,254.88553
2024-06-01 00:59:50.696,252.977049,253.44858
2024-06-01 00:59:51.208,252.977049,253.44858
2024-06-01 00:59:51.720,252.977049,253.44858
2024-06-01 00:59:52.232,252.977049,253.44858
2024-06-01 00:59:52.744,252.977049,256.4268
2024-06-01 00:59:53.255,252.977049,256.4268
2024-06-01 00:59:53.767,252.977049,254.88553
2024-06-01 00:59:54.279,263.401422,263.18793
2024-06-01 00:59:54.791,262.942232,264.5957
2024-06-01 00:59:55.303,262.942232,264.5957
2024-06-01 00:59:55.815,262.942232,263.18793
2024-06-01 00:59:56.327,262.942232,263.18793
2024-06-01 00:59:56.839,263.401422,263.18793
2024-06-01 00:59:57.351,263.401422,263.18793
2024-06-01 00:59:57.863,263.401422,263.18793
2024-06-01 00:59:58.375,263.401422,263.18793
2024-06-01 00:59:58.887,263.401422,263.18793
2024-06-01 00:59:59.399,263.401422,263.18793
2024-06-01 00:59:59.911,263.401422,263.18793
2024-06-01 01:00:00.423,263.401422,263.18793
2024-06-01 01:00:00.935,263.401422,263.18793
2024-06-01 01:00:01.447,263.401422,263.18793
2024-06-01 01:00:01.959,263.401422,263.18793
2024-06-01 01:00:02.471,273.825795,271.96945
2024-06-01 01:00:02.983,273.348432,273.2958
2024-06-01 01:00:03.495,273.348432,273.2958
2024-06-01 01:00:04.007,273.348432,271.96945
2024-06-01 01:00:04.519,252.536031,254.88553
2024-06-01 01:00:05.031,252.536031,256.4268
2024-06-01 01:00:05.543,252.536031,256.10477
2024-06-01 01:01:11.591,252.536031,251.84158
2024-06-01 01:01:12.103,221.317431,225.50296
2024-06-01 01:01:12.615,221.317431,224.22342
2024-06-01 01:01:13.127,221.317431,224.22342
2024-06-01 01:01:13.639,221.317431,224.22342
2024-06-01 01:01:14.151,252.536031,250.49446
2024-06-01 01:01:14.663,252.536031,251.84161
2024-06-01 01:01:15.175,252.536031,251.84161
2024-06-01 01:01:15.687,252.536031,250.49446
2024-06-01 01:01:16.199,231.723631,232.89554
2024-06-01 01:01:16.711,231.723631,232.89554
2024-06-01 01:01:17.223,231.723631,232.89554
2024-06-01 01:01:17.735,231.723631,235.36581
2024-06-01 01:01:18.247,252.536031,253.24155
2024-06-01 01:01:18.759,252.536031,253.24155
2024-06-01 01:01:19.271,252.536031,253.24155
2024-06-01 01:01:19.783,252.536031,251.84161
2024-06-01 01:01:20.295,231.723631,234.1267
2024-06-01 01:01:20.807,231.723631,234.1267
2024-06-01 01:01:21.319,231.723631,234.1267
2024-06-01 01:01:21.831,231.723631,232.89554
2024-06-01 01:01:22.343,231.723631,232.89554
2024-06-01 01:01:22.855,231.723631,232.89554
2024-06-01 01:01:23.367,231.723631,232.89554
2024-06-01 01:01:23.879,231.723631,235.36581
2024-06-01 01:01:24.391,252.536031,253.24155
2024-06-01 01:01:24.903,252.536031,250.49446
2024-06-01 01:01:25.415,252.536031,250.49446
2024-06-01 01:01:25.926,252.536031,251.84161
2024-06-01 01:01:26.438,252.536031,251.84161
2024-06-01 01:01:26.950,252.536031,254.64325
2024-06-01 01:01:27.462,252.536031,255.30313
2024-06-01 01:02:33.510,252.536031,251.8582
2024-06-01 01:02:34.022,252.536031,251.8582
2024-06-01 01:02:34.534,252.536031,252.88194
2024-06-01 01:02:35.046,252.536031,252.88194
2024-06-01 01:02:35.558,252.536031,254.07019
2024-06-01 01:02:36.070,242.129831,245.2376
2024-06-01 01:02:36.582,242.129831,242.93379
2024-06-01 01:02:37.094,242.129831,242.93379
2024-06-01 01:02:37.606,242.129831,244.07489
2024-06-01 01:02:38.118,242.129831,244.07489
2024-06-01 01:02:38.630,242.129831,247.8064
2024-06-01 01:02:39.142,242.129831,247.8064
2024-06-01 01:02:39.654,242.129831,245.2376
2024-06-01 01:02:40.166,231.723631,236.48495
2024-06-01 01:02:40.678,231.723631,236.48495
2024-06-01 01:02:41.190,231.723631,236.48495
2024-06-01 01:02:41.702,231.723631,235.34387
2024-06-01 01:02:42.214,252.536031,252.88194
2024-06-01 01:02:42.726,252.536031,252.88194
2024-06-01 01:02:43.238,252.536031,252.88194
2024-06-01 01:02:43.750,252.536031,251.85822
2024-06-01 01:02:44.262,242.129831,242.93379
2024-06-01 01:02:44.774,242.129831,244.07489
2024-06-01 01:02:45.286,242.129831,244.07489
2024-06-01 01:02:45.798,242.129831,245.2376
2024-06-01 01:02:46.310,252.536031,254.07019
2024-06-01 01:02:46.822,252.536031,254.07019
2024-06-01 01:02:47.334,252.536031,254.07019
2024-06-01 01:02:47.846,252.536031,254.07019
2024-06-01 01:02:48.358,242.129831,245.2376
2024-06-01 01:02:48.870,242.129831,247.8064
2024-06-01 01:02:49.382,242.129831,247.40633
2024-06-01 01:03:55.429,242.129831,244.80954
2024-06-01 01:03:55.941,252.536031,253.66302
2024-06-01 01:03:56.453,252.536031,253.66302
2024-06-01 01:03:56.965,252.536031,253.66302
2024-06-01 01:03:57.477,252.536031,252.37004
2024-06-01 01:03:57.989,242.129831,243.54382
2024-06-01 01:03:58.501,242.129831,242.37444
2024-06-01 01:03:59.013,242.129831,242.37444
2024-06-01 01:03:59.525,242.129831,244.80951
2024-06-01 01:04:00.037,242.129831,244.80951
2024-06-01 01:04:00.549,242.129831,248.85303
2024-06-01 01:04:01.061,242.129831,248.85303
2024-06-01 01:04:01.573,242.129831,247.40633
2024-06-01 01:04:02.085,262.942232,265.51102
2024-06-01 01:04:02.597,262.942232,268.48645
2024-06-01 01:04:03.109,262.942232,268.48645
2024-06-01 01:04:03.621,262.942232,265.51102
2024-06-01 01:04:04.133,273.348432,274.8823
2024-06-01 01:04:04.645,273.348432,274.8823
2024-06-01 01:04:05.157,273.348432,274.8823
2024-06-01 01:04:05.669,273.348432,276.2496
2024-06-01 01:04:06.181,262.942232,266.9928
2024-06-01 01:04:06.693,262.942232,268.48645
2024-06-01 01:04:07.205,262.942232,268.48645
2024-06-01 01:04:07.717,262.942232,268.48645
2024-06-01 01:04:08.229,273.348432,277.7301
2024-06-01 01:04:08.741,273.348432,274.8823
2024-06-01 01:04:09.253,273.348432,274.8823
2024-06-01 01:04:09.765,273.348432,276.2496
2024-06-01 01:04:10.277,283.754632,286.1423
2024-06-01 01:04:10.789,283.754632,286.1423
2024-06-01 01:04:11.301,283.754632,284.88135
2024-06-01 01:05:17.348,283.754632,290.3045
2024-06-01 01:05:17.860,377.410434,379.0954
2024-06-01 01:05:18.372,376.751342,376.4718
2024-06-01 01:05:18.884,376.751342,376.4718
2024-06-01 01:05:19.396,376.751342,376.4718
2024-06-01 01:05:19.908,304.035151,306.663
2024-06-01 01:05:20.420,304.035151,308.2265
2024-06-01 01:05:20.932,304.035151,308.2265
2024-06-01 01:05:21.444,304.035151,305.1083
2024-06-01 01:05:21.956,293.647124,295.77222
2024-06-01 01:05:22.468,293.647124,298.89127
2024-06-01 01:05:22.980,293.647124,298.89127
2024-06-01 01:05:23.492,293.647124,295.77222
2024-06-01 01:05:24.004,304.035151,305.1083
2024-06-01 01:05:24.516,304.035151,306.663
2024-06-01 01:05:25.028,304.035151,306.663
2024-06-01 01:05:25.540,304.035151,309.59427
2024-06-01 01:05:26.052,314.423178,318.98932
2024-06-01 01:05:26.564,314.423178,317.66415
2024-06-01 01:05:27.076,314.423178,317.66415
2024-06-01 01:05:27.588,314.423178,318.23993
2024-06-01 01:05:28.100,304.035151,308.84485
2024-06-01 01:05:28.612,304.035151,306.663
2024-06-01 01:05:29.124,304.035151,306.663
2024-06-01 01:05:29.636,304.035151,306.663
2024-06-01 01:05:30.148,304.035151,306.663
2024-06-01 01:05:30.660,304.035151,308.2265
2024-06-01 01:05:31.172,304.035151,308.2265
2024-06-01 01:05:31.684,304.035151,306.663
2024-06-01 01:05:32.196,314.423178,316.25378
2024-06-01 01:05:32.708,314.423178,318.23993
2024-06-01 01:05:33.220,314.423178,316.5071
2024-06-01 01:06:39.267,314.423178,316.5071
2024-06-01 01:06:39.779,314.423178,316.5071
2024-06-01 01:06:40.291,314.423178,315.9733
2024-06-01 01:06:40.803,314.423178,315.9733
2024-06-01 01:06:41.315,314.423178,317.42816
2024-06-01 01:06:41.827,345.58726,345.92975
2024-06-01 01:06:42.339,345.58726,345.53577
2024-06-01 01:06:42.851,345.58726,345.53577
2024-06-01 01:06:43.363,345.58726,345.3178
2024-06-01 01:06:43.875,324.811206,326.11066
2024-06-01 01:06:44.387,324.242978,326.68115
2024-06-01 01:06:44.899,324.242978,326.68115
2024-06-01 01:06:45.411,324.242978,326.11066
2024-06-01 01:06:45.923,334.612833,335.71423
2024-06-01 01:06:46.435,334.612833,335.71423
2024-06-01 01:06:46.947,334.612833,335.71423
2024-06-01 01:06:47.459,334.612833,335.96054
2024-06-01 01:06:47.971,334.612833,335.96054
2024-06-01 01:06:48.483,334.612833,335.96054
2024-06-01 01:06:48.995,334.612833,335.96054
2024-06-01 01:06:49.507,334.612833,335.96054
2024-06-01 01:06:50.019,324.242978,326.35858
2024-06-01 01:06:50.531,324.811206,326.68115
2024-06-01 01:06:51.043,324.811206,326.68115
2024-06-01 01:06:51.555,324.811206,326.11066
2024-06-01 01:06:52.067,345.58726,345.3178
2024-06-01 01:06:52.579,344.982687,345.53577
2024-06-01 01:06:53.091,344.982687,345.53577
2024-06-01 01:06:53.603,344.982687,345.3178
2024-06-01 01:06:54.115,324.242978,326.11066
2024-06-01 01:06:54.627,324.242978,326.35858
2024-06-01 01:06:55.139,324.242978,325.40872
2024-06-01 01:08:01.186,324.242978,325.03085
2024-06-01 01:08:01.698,313.873124,315.4865
2024-06-01 01:08:02.210,313.873124,315.90228
2024-06-01 01:08:02.722,313.873124,315.90228
2024-06-01 01:08:03.234,313.873124,315.90228
2024-06-01 01:08:03.746,324.242978,325.40872
2024-06-01 01:08:04.258,324.242978,325.5937
2024-06-01 01:08:04.770,324.242978,325.5937
2024-06-01 01:08:05.282,324.242978,325.22382
2024-06-01 01:08:05.794,324.242978,325.22382
2024-06-01 01:08:06.306,324.242978,325.40872
2024-06-01 01:08:06.818,324.242978,325.40872
2024-06-01 01:08:07.330,324.242978,325.40872
2024-06-01 01:08:07.842,324.242978,325.40872
2024-06-01 01:08:08.354,324.242978,324.7407
2024-06-01 01:08:08.866,324.242978,324.7407
2024-06-01 01:08:09.378,324.242978,325.5937
2024-06-01 01:08:09.890,344.982687,344.6582
2024-06-01 01:08:10.402,344.982687,344.46936
2024-06-01 01:08:10.914,344.982687,344.46936
2024-06-01 01:08:11.426,344.982687,344.46936
2024-06-01 01:08:11.938,324.242978,325.40872
2024-06-01 01:08:12.450,324.242978,325.22382
2024-06-01 01:08:12.962,324.242978,325.22382
2024-06-01 01:08:13.474,324.242978,325.22382
2024-06-01 01:08:13.986,324.242978,325.22382
2024-06-01 01:08:14.498,324.242978,325.22382
2024-06-01 01:08:15.010,324.242978,325.22382
2024-06-01 01:08:15.522,324.242978,325.22382
2024-06-01 01:08:16.034,313.873124,315.71735
2024-06-01 01:08:16.546,313.873124,315.4865
2024-06-01 01:08:17.058,313.873124,315.68036
2024-06-01 01:09:23.105,313.873124,315.6804
2024-06-01 01:09:23.617,324.242978,325.2375
2024-06-01 01:09:24.129,324.242978,325.52435
2024-06-01 01:09:24.641,324.242978,325.52435
2024-06-01 01:09:25.153,324.242978,325.52435
2024-06-01 01:09:25.665,324.242978,325.52435
2024-06-01 01:09:26.177,324.242978,325.725
2024-06-01 01:09:26.689,324.242978,325.725
2024-06-01 01:09:27.201,324.242978,325.725
2024-06-01 01:09:27.713,324.242978,325.725
2024-06-01 01:09:28.225,324.242978,325.725
2024-06-01 01:09:28.737,324.242978,325.725
2024-06-01 01:09:29.249,324.242978,325.52435
2024-06-01 01:09:29.761,324.242978,325.52435
2024-06-01 01:09:30.273,324.242978,325.52435
2024-06-01 01:09:30.785,324.242978,325.52435
2024-06-01 01:09:31.297,324.242978,325.52435
2024-06-01 01:09:31.809,344.982687,344.52872
2024-06-01 01:09:32.321,344.982687,344.52872
2024-06-01 01:09:32.833,344.982687,344.52872
2024-06-01 01:09:33.345,344.982687,344.40417
2024-06-01 01:09:33.857,313.873124,315.68036
2024-06-01 01:09:34.369,313.873124,316.00003
2024-06-01 01:09:34.881,313.873124,316.00003
2024-06-01 01:09:35.393,313.873124,316.00003
2024-06-01 01:09:35.905,334.612833,335.02652
2024-06-01 01:09:36.417,334.612833,334.82446
2024-06-01 01:09:36.929,334.612833,334.82446
2024-06-01 01:09:37.441,334.612833,335.02652
2024-06-01 01:09:37.953,324.242978,325.52435
2024-06-01 01:09:38.465,324.242978,325.52435
2024-06-01 01:09:38.977,324.242978,325.52435
2024-06-01 01:10:45.024,324.242978,325.2375
2024-06-01 01:10:45.536,313.873124,315.6804
2024-06-01 01:10:46.048,313.323069,316.2229
2024-06-01 01:10:46.560,313.323069,316.2229
2024-06-01 01:10:47.072,313.323069,316.00003
2024-06-01 01:10:47.584,323.674751,325.52435
2024-06-01 01:10:48.096,324.242978,325.52435
2024-06-01 01:10:48.608,324.242978,325.52435
2024-06-01 01:10:49.120,324.242978,325.93118
2024-06-01 01:10:49.632,334.612833,335.4361
2024-06-01 01:10:50.144,334.612833,335.22717
2024-06-01 01:10:50.656,334.612833,335.22717
2024-06-01 01:10:51.168,334.612833,335.22717
2024-06-01 01:10:51.680,344.982687,344.72937
2024-06-01 01:10:52.192,344.982687,344.72937
2024-06-01 01:10:52.704,344.982687,344.72937
2024-06-01 01:10:53.216,344.982687,344.40417
2024-06-01 01:10:53.728,324.242978,325.23752
2024-06-01 01:10:54.240,324.242978,325.52435
2024-06-01 01:10:54.752,324.242978,325.52435
2024-06-01 01:10:55.264,324.242978,325.52435
2024-06-01 01:10:55.776,324.242978,325.52435
2024-06-01 01:10:56.288,324.242978,325.52435
2024-06-01 01:10:56.800,324.242978,325.52435
2024-06-01 01:10:57.312,324.242978,325.52435
2024-06-01 01:10:57.824,313.873124,316.00003
2024-06-01 01:10:58.336,313.873124,315.68036
2024-06-01 01:10:58.848,313.873124,315.68036
2024-06-01 01:10:59.360,313.873124,316.00003
2024-06-01 01:10:59.872,313.873124,316.00003
2024-06-01 01:11:00.384,313.873124,316.2229
2024-06-01 01:11:00.896,313.873124,316.2229
2024-06-01 01:12:06.944,313.873124,315.6804
2024-06-01 01:12:07.456,313.873124,315.6804
2024-06-01 01:12:07.968,313.323069,315.68036
2024-06-01 01:12:08.480,313.323069,315.68036
2024-06-01 01:12:08.992,313.323069,315.68036
2024-06-01 01:12:09.504,323.674751,325.23752
2024-06-01 01:12:10.016,323.674751,325.52435
2024-06-01 01:12:10.528,323.674751,325.52435
2024-06-01 01:12:11.040,323.674751,325.93118
2024-06-01 01:12:11.552,334.026432,335.4361
2024-06-01 01:12:12.064,334.026432,335.4361
2024-06-01 01:12:12.575,334.026432,335.4361
2024-06-01 01:12:13.087,334.026432,335.4361
2024-06-01 01:12:13.599,334.026432,335.4361
2024-06-01 01:12:14.111,334.026432,335.22717
2024-06-01 01:12:14.623,334.026432,335.22717
2024-06-01 01:12:15.135,334.026432,335.02652
2024-06-01 01:12:15.647,323.674751,325.52435
2024-06-01 01:12:16.159,323.674751,325.23752
2024-06-01 01:12:16.671,323.674751,325.23752
2024-06-01 01:12:17.183,323.674751,325.23752
2024-06-01 01:12:17.695,323.674751,325.23752
2024-06-01 01:12:18.207,323.674751,325.52435
2024-06-01 01:12:18.719,323.674751,325.52435
2024-06-01 01:12:19.231,323.674751,325.725
2024-06-01 01:12:19.743,323.674751,325.725
2024-06-01 01:12:20.255,323.674751,325.52435
2024-06-01 01:12:20.767,323.674751,325.52435
2024-06-01 01:12:21.279,323.674751,325.725
2024-06-01 01:12:21.791,334.026432,335.22717
2024-06-01 01:12:22.303,334.026432,335.4361
2024-06-01 01:12:22.815,334.026432,335.4361
2024-06-01 01:13:28.863,334.026432,332.39905
2024-06-01 01:13:29.375,271.916343,274.8894
2024-06-01 01:13:29.887,272.393706,273.36194
2024-06-01 01:13:30.399,272.393706,273.36194
2024-06-01 01:13:30.911,272.393706,273.36194
2024-06-01 01:13:31.423,282.76356,282.92993
2024-06-01 01:13:31.935,282.268025,284.41852
2024-06-01 01:13:32.447,282.268025,284.41852
2024-06-01 01:13:32.959,282.268025,284.41852
2024-06-01 01:13:33.471,292.619706,293.99792
2024-06-01 01:13:33.983,292.619706,296.2464
2024-06-01 01:13:34.495,292.619706,296.2464
2024-06-01 01:13:35.007,292.619706,296.2464
2024-06-01 01:13:35.519,302.971388,305.8035
2024-06-01 01:13:36.031,303.503269,303.57727
2024-06-01 01:13:36.543,303.503269,303.57727
2024-06-01 01:13:37.055,303.503269,302.15442
2024-06-01 01:13:37.567,272.393706,273.36194
2024-06-01 01:13:38.079,271.916343,273.36194
2024-06-01 01:13:38.591,271.916343,273.36194
2024-06-01 01:13:39.103,271.916343,273.36194
2024-06-01 01:13:39.615,282.268025,282.92993
2024-06-01 01:13:40.127,282.76356,282.92993
2024-06-01 01:13:40.639,282.76356,282.92993
2024-06-01 01:13:41.151,282.76356,282.92993
2024-06-01 01:13:41.663,282.76356,282.92993
2024-06-01 01:13:42.175,282.76356,284.41852
2024-06-01 01:13:42.687,282.76356,284.41852
2024-06-01 01:13:43.199,282.76356,286.6892
2024-06-01 01:13:43.711,282.76356,286.6892
2024-06-01 01:13:44.223,282.268025,286.6892
2024-06-01 01:13:44.735,282.268025,287.84036
2024-06-01 01:13:57.022,282.268025,287.84033
2024-06-01 01:13:57.534,282.268025,280.06686
2024-06-01 01:13:58.046,251.21298,252.74214
2024-06-01 01:13:58.558,251.653997,252.74214
2024-06-01 01:13:59.070,251.653997,252.74214
2024-06-01 01:13:59.582,251.653997,254.20547
2024-06-01 01:14:00.094,241.284143,245.26114
2024-06-01 01:14:00.606,241.284143,243.79076
2024-06-01 01:14:01.118,241.284143,243.79076
2024-06-01 01:14:01.630,241.284143,243.79076
2024-06-01 01:14:02.142,251.653997,252.74214
2024-06-01 01:14:02.654,251.653997,251.3408
2024-06-01 01:14:03.166,251.653997,251.3408
2024-06-01 01:14:03.678,251.653997,252.74214
2024-06-01 01:14:04.190,262.023852,261.8094
2024-06-01 01:14:04.702,262.023852,263.27283
2024-06-01 01:14:05.214,262.023852,263.27283
2024-06-01 01:14:05.726,262.023852,263.27283
2024-06-01 01:14:06.238,262.023852,263.27283
2024-06-01 01:14:06.750,262.023852,261.8094
2024-06-01 01:14:07.262,262.023852,261.8094
2024-06-01 01:14:07.774,262.023852,263.27283
2024-06-01 01:14:08.286,241.284143,245.26114
2024-06-01 01:14:08.798,241.284143,245.26114
2024-06-01 01:14:09.310,241.284143,245.26114
2024-06-01 01:14:09.822,241.284143,243.79076
2024-06-01 01:14:10.334,251.653997,252.74214
2024-06-01 01:14:10.846,251.653997,251.3408
2024-06-01 01:14:11.358,251.653997,251.3408
2024-06-01 01:14:11.870,251.653997,251.3408
2024-06-01 01:14:12.382,241.284143,242.34904
2024-06-01 01:14:12.894,241.284143,243.79076
2024-06-01 01:14:13.406,241.284143,243.79071
2024-06-01 01:14:13.918,241.284143,245.26114
2024-06-01 01:14:14.430,262.023852,263.27283
2024-06-01 01:14:14.942,262.023852,264.7362
2024-06-01 01:14:15.454,262.023852,264.7362
2024-06-01 01:14:15.966,262.023852,263.27283
2024-06-01 01:14:16.478,251.653997,254.20547
2024-06-01 01:14:16.990,251.653997,254.20547
2024-06-01 01:14:17.502,251.653997,254.81607
2024-06-01 01:14:18.014,251.653997,253.41615
2024-06-01 01:14:18.526,272.393706,271.5974
2024-06-01 01:14:19.038,272.393706,271.5974
2024-06-01 01:14:19.550,272.393706,271.5974
2024-06-01 01:14:20.062,272.393706,271.5974
2024-06-01 01:14:20.574,272.393706,271.5974
2024-06-01 01:14:21.086,272.393706,277.5511
2024-06-01 01:14:21.598,272.393706,277.5511
2024-06-01 01:14:22.110,272.393706,272.98987
2024-06-01 01:14:22.622,251.653997,254.81607
2024-06-01 01:14:23.134,251.653997,254.81607
2024-06-01 01:14:23.646,251.653997,254.81607
2024-06-01 01:14:24.158,251.653997,257.69266
2024-06-01 01:14:24.670,262.023852,266.80093
2024-06-01 01:14:25.182,261.564662,268.30475
2024-06-01 01:14:25.694,261.564662,268.30475
2024-06-01 01:14:26.206,261.564662,263.87378
2024-06-01 01:14:26.718,261.564662,263.87378
2024-06-01 01:14:27.230,262.023852,262.43246
2024-06-01 01:14:27.742,262.023852,262.43246
2024-06-01 01:14:28.254,262.023852,262.43246
2024-06-01 01:14:28.766,272.393706,271.5974
2024-06-01 01:14:29.278,271.916343,282.50433
2024-06-01 01:14:29.790,271.916343,282.50433
2024-06-01 01:14:30.302,271.916343,277.55112
2024-06-01 01:14:30.814,282.268025,286.92215
2024-06-01 01:14:31.326,282.268025,285.52072
2024-06-01 01:14:31.838,282.268025,285.52072
2024-06-01 01:14:32.350,282.268025,286.92215
2024-06-01 01:14:32.862,271.916343,277.5511
2024-06-01 01:14:33.374,271.916343,277.5511
2024-06-01 01:14:33.886,271.916343,277.30048
2024-06-01 01:14:34.398,271.916343,278.85754
2024-06-01 01:14:34.910,292.619706,297.52795
2024-06-01 01:14:35.422,292.619706,297.52795
2024-06-01 01:14:35.934,292.619706,297.52795
2024-06-01 01:14:36.446,292.619706,294.44223
2024-06-01 01:14:36.958,282.268025,285.0819
2024-06-01 01:14:37.470,282.268025,290.82776
2024-06-01 01:14:37.982,282.268025,290.82776
2024-06-01 01:14:38.494,282.268025,285.0819
2024-06-01 01:14:39.006,282.268025,285.0819
2024-06-01 01:14:39.518,282.268025,285.0819
2024-06-01 01:14:40.030,282.268025,285.0819
2024-06-01 01:14:40.542,282.268025,285.0819
2024-06-01 01:14:41.054,282.268025,285.0819
2024-06-01 01:14:41.566,282.268025,286.63663
2024-06-01 01:14:42.078,282.268025,286.63663
2024-06-01 01:14:42.590,282.268025,285.0819
2024-06-01 01:14:43.102,282.268025,285.0819
2024-06-01 01:14:43.614,282.268025,283.52722
2024-06-01 01:14:44.126,282.268025,283.52722
2024-06-01 01:14:44.638,282.268025,286.63663
2024-06-01 01:14:45.150,292.619706,295.97278
2024-06-01 01:14:45.662,292.619706,300.22284
2024-06-01 01:14:46.174,292.619706,300.22284
2024-06-01 01:14:46.686,292.619706,294.44223
2024-06-01 01:14:47.198,282.268025,285.0819
2024-06-01 01:14:47.710,282.268025,285.0819
2024-06-01 01:14:48.222,282.268025,285.0819
2024-06-01 01:14:48.734,282.268025,285.0819
2024-06-01 01:14:49.246,282.268025,285.0819
2024-06-01 01:14:49.758,282.76356,285.0819
2024-06-01 01:14:50.270,282.76356,284.6307
2024-06-01 01:14:50.782,282.76356,286.18542
2024-06-01 01:14:51.294,282.76356,286.18542
2024-06-01 01:14:51.806,282.268025,283.076
2024-06-01 01:14:52.318,282.268025,283.076
2024-06-01 01:14:52.830,282.268025,284.6307
2024-06-01 01:14:53.342,271.916343,275.29453
2024-06-01 01:14:53.854,271.916343,275.29453
2024-06-01 01:14:54.366,271.916343,275.29453
2024-06-01 01:14:54.878,271.916343,275.29453
2024-06-01 01:14:55.390,292.619706,293.96686
2024-06-01 01:14:55.902,292.619706,298.48352
2024-06-01 01:14:56.414,292.619706,298.48352
2024-06-01 01:14:56.926,292.619706,293.96686
2024-06-01 01:14:57.438,282.268025,284.6307
2024-06-01 01:14:57.950,282.268025,286.18542
2024-06-01 01:14:58.462,282.268025,286.18542
2024-06-01 01:14:58.974,282.268025,284.6307
2024-06-01 01:14:59.486,282.268025,284.6307
2024-06-01 01:14:59.998,282.268025,283.076
2024-06-01 01:15:00.510,282.268025,283.076
2024-06-01 01:15:01.022,282.268025,284.6307
2024-06-01 01:15:01.534,271.916343,275.29453
2024-06-01 01:15:02.046,271.916343,275.29453
2024-06-01 01:15:02.558,271.916343,275.29456
2024-06-01 01:15:03.070,271.916343,273.73987
2024-06-01 01:15:03.582,282.268025,283.076
2024-06-01 01:15:04.094,282.268025,284.6307
2024-06-01 01:15:04.606,282.268025,284.6307
2024-06-01 01:15:05.118,282.268025,286.18542
2024-06-01 01:15:05.630,292.619706,295.52155
2024-06-01 01:15:06.142,292.619706,298.7333
2024-06-01 01:15:06.654,292.619706,298.7333
2024-06-01 01:15:07.166,292.619706,295.52155
2024-06-01 01:15:07.678,271.916343,276.84924
2024-06-01 01:15:08.190,271.916343,275.29453
2024-06-01 01:15:08.702,271.916343,275.29453
2024-06-01 01:15:09.214,271.916343,275.29453
2024-06-01 01:15:09.726,271.916343,275.29453
2024-06-01 01:15:10.238,271.916343,275.29453
2024-06-01 01:15:10.750,271.916343,275.29453
2024-06-01 01:15:11.262,271.916343,273.73987
2024-06-01 01:15:11.774,282.268025,283.076
2024-06-01 01:15:12.286,282.268025,286.18542
2024-06-01 01:15:12.798,282.268025,286.18542
2024-06-01 01:15:13.310,282.268025,286.18542
2024-06-01 01:15:13.822,282.268025,286.18542
2024-06-01 01:15:14.334,282.268025,286.18542
2024-06-01 01:15:14.846,282.268025,286.18542
2024-06-01 01:15:15.358,282.268025,288.8587
2024-06-01 01:15:15.870,313.323069,317.04877
2024-06-01 01:15:16.382,313.323069,317.04877
2024-06-01 01:15:16.894,313.323069,317.04877
2024-06-01 01:15:17.405,313.323069,312.6391
2024-06-01 01:15:17.917,282.268025,284.6307
2024-06-01 01:15:18.429,282.268025,286.18542
2024-06-01 01:15:18.941,282.268025,286.1854
2024-06-01 01:15:19.453,282.268025,283.076
2024-06-01 01:15:19.965,313.323069,311.08438
2024-06-01 01:15:20.477,313.323069,312.6391
2024-06-01 01:15:20.989,313.323069,312.6391
2024-06-01 01:15:21.501,313.323069,312.6391
2024-06-01 01:15:22.013,271.916343,275.29453
2024-06-01 01:15:22.525,271.916343,275.29453
2024-06-01 01:15:23.037,271.916343,275.29453
2024-06-01 01:15:23.549,271.916343,276.84924
2024-06-01 01:15:24.061,282.268025,286.18542
2024-06-01 01:15:24.573,282.268025,284.6307
2024-06-01 01:15:25.085,282.268025,284.6307
2024-06-01 01:15:25.597,282.268025,288.8587
2024-06-01 01:15:26.109,302.971388,307.65207
2024-06-01 01:15:26.621,302.971388,307.65207
2024-06-01 01:15:27.133,302.971388,307.65207
2024-06-01 01:15:27.645,302.971388,300.19354
2024-06-01 01:15:28.157,302.971388,300.19354
2024-06-01 01:15:28.669,302.971388,303.30298
2024-06-01 01:15:29.181,302.971388,303.30298
2024-06-01 01:15:29.693,302.971388,304.8576
2024-06-01 01:15:30.205,282.268025,286.18542
2024-06-01 01:15:30.717,282.268025,286.18542
2024-06-01 01:15:31.229,282.268025,286.18542
2024-06-01 01:15:31.741,282.268025,286.18542
2024-06-01 01:15:32.253,282.268025,286.18542
2024-06-01 01:15:32.765,282.268025,284.6307
2024-06-01 01:15:33.277,282.268025,284.6307
2024-06-01 01:15:33.789,282.268025,284.6307
2024-06-01 01:15:34.301,292.619706,293.96686
2024-06-01 01:15:34.813,292.619706,298.2554
2024-06-01 01:15:35.325,292.619706,298.2554
2024-06-01 01:15:35.837,292.619706,298.48352
2024-06-01 01:15:36.349,323.674751,326.85486
2024-06-01 01:15:36.861,323.674751,327.1365
2024-06-01 01:15:37.373,323.674751,327.1365
2024-06-01 01:15:37.885,323.674751,325.3202
2024-06-01 01:15:38.397,302.971388,306.41235
2024-06-01 01:15:38.909,302.971388,307.65207
2024-06-01 01:15:39.421,302.971388,307.65207
2024-06-01 01:15:39.933,302.971388,306.41235
2024-06-01 01:15:40.445,302.971388,306.41235
2024-06-01 01:15:40.957,302.971388,307.65207
2024-06-01 01:15:41.469,302.971388,307.65207
2024-06-01 01:15:41.981,302.971388,307.65207
2024-06-01 01:15:42.493,313.323069,317.04877
2024-06-01 01:15:43.005,313.323069,317.04877
2024-06-01 01:15:43.517,313.323069,317.04877
2024-06-01 01:15:44.029,313.323069,315.74847
2024-06-01 01:15:44.541,302.971388,306.41235
2024-06-01 01:15:45.053,302.971388,306.41235
2024-06-01 01:15:45.565,302.971388,306.41235
2024-06-01 01:15:46.077,302.971388,308.1284
2024-06-01 01:15:46.589,323.674751,327.1365
2024-06-01 01:15:47.101,323.674751,326.59973
2024-06-01 01:15:47.613,323.674751,326.59973
2024-06-01 01:15:48.125,323.674751,326.59973
2024-06-01 01:15:48.637,302.971388,307.65207
2024-06-01 01:15:49.149,302.971388,307.65207
2024-06-01 01:15:49.661,302.971388,307.65207
2024-06-01 01:15:50.173,302.971388,307.65207
2024-06-01 01:15:50.685,302.971388,307.65207
2024-06-01 01:15:51.197,302.971388,307.65207
2024-06-01 01:15:51.709,302.971388,307.65204
2024-06-01 01:15:52.221,302.971388,306.41232
2024-06-01 01:15:52.733,302.971388,306.41235
2024-06-01 01:15:53.245,302.971388,306.41235
2024-06-01 01:15:53.757,302.971388,306.41235
2024-06-01 01:15:54.269,302.971388,306.41235
2024-06-01 01:15:54.781,302.971388,306.41235
2024-06-01 01:15:55.293,302.971388,307.65207
2024-06-01 01:15:55.805,302.971388,306.46185
2024-06-01 01:15:56.317,302.971388,307.44492
2024-06-01 01:15:56.829,344.378114,345.4472
2024-06-01 01:15:57.341,344.378114,345.11102
2024-06-01 01:15:57.853,344.378114,345.11102
2024-06-01 01:15:58.365,344.378114,344.8762
2024-06-01 01:15:58.877,313.323069,316.06546
2024-06-01 01:15:59.389,313.323069,315.8307
2024-06-01 01:15:59.901,313.323069,315.8307
2024-06-01 01:16:00.413,313.323069,314.4738
2024-06-01 01:16:00.925,302.971388,304.89478
2024-06-01 01:16:01.437,302.971388,306.22705
2024-06-01 01:16:01.949,302.971388,306.22705
2024-06-01 01:16:02.461,302.971388,306.22705
2024-06-01 01:16:02.973,302.971388,306.22705
2024-06-01 01:16:03.485,302.971388,306.22705
2024-06-01 01:16:03.997,302.971388,306.22705
2024-06-01 01:16:04.509,302.971388,306.22705
2024-06-01 01:16:05.021,292.619706,296.6235
2024-06-01 01:16:05.533,292.619706,296.881
2024-06-01 01:16:06.045,292.619706,296.881
2024-06-01 01:16:06.557,292.619706,297.88934
2024-06-01 01:16:07.069,344.378114,345.4472
2024-06-01 01:16:07.581,344.378114,344.8762
2024-06-01 01:16:08.093,344.378114,344.8762
2024-06-01 01:16:08.605,344.378114,343.2726
2024-06-01 01:16:09.117,302.971388,304.89478
2024-06-01 01:16:09.629,302.971388,304.89478
2024-06-01 01:16:10.141,302.971388,304.89478
2024-06-01 01:16:10.653,302.971388,306.46185
2024-06-01 01:16:11.165,302.971388,306.46185
2024-06-01 01:16:11.677,302.971388,306.46185
2024-06-01 01:16:12.189,302.971388,306.46185
2024-06-01 01:16:12.701,302.971388,306.22705
2024-06-01 01:16:13.213,292.619706,296.6235
2024-06-01 01:16:13.725,292.619706,296.881
2024-06-01 01:16:14.237,292.619706,296.881
2024-06-01 01:16:14.749,292.619706,296.881
2024-06-01 01:16:15.261,313.323069,316.06546
2024-06-01 01:16:15.773,313.323069,315.8307
2024-06-01 01:16:16.285,313.323069,315.8307
2024-06-01 01:16:16.797,313.323069,316.6347
2024-06-01 01:16:17.309,344.378114,345.2448
2024-06-01 01:16:17.821,344.378114,343.27258
2024-06-01 01:16:18.333,344.378114,343.27258
2024-06-01 01:16:18.845,344.378114,344.64142
2024-06-01 01:16:19.357,302.971388,306.22705
2024-06-01 01:16:19.869,302.971388,306.46185
2024-06-01 01:16:20.381,302.971388,306.46185
2024-06-01 01:16:20.893,302.971388,306.46185
2024-06-01 01:16:21.405,313.323069,316.06546
2024-06-01 01:16:21.917,313.323069,316.06546
2024-06-01 01:16:22.429,313.323069,316.06546
2024-06-01 01:16:22.941,313.323069,316.06546
2024-06-01 01:16:23.453,302.971388,306.46185
2024-06-01 01:16:23.965,302.971388,306.22705
2024-06-01 01:16:24.477,302.971388,306.22705
2024-06-01 01:16:24.989,302.971388,306.22705
2024-06-01 01:16:25.501,313.323069,315.8307
2024-06-01 01:16:26.013,313.323069,314.4738
2024-06-01 01:16:26.525,313.323069,314.4738
2024-06-01 01:16:27.037,313.323069,317.19308
2024-06-01 01:16:27.549,344.378114,345.69473
2024-06-01 01:16:28.061,344.378114,344.8762
2024-06-01 01:16:28.573,344.378114,344.8762
2024-06-01 01:16:29.085,344.378114,344.8762
2024-06-01 01:16:29.597,313.323069,316.06546
2024-06-01 01:16:30.109,313.323069,316.31503
2024-06-01 01:16:30.621,313.323069,316.31503
2024-06-01 01:16:31.133,313.323069,316.06546
2024-06-01 01:16:31.645,302.971388,306.46185
2024-06-01 01:16:32.157,302.971388,306.22705
2024-06-01 01:16:32.669,302.971388,306.22705
2024-06-01 01:16:33.181,302.971388,306.22705
2024-06-01 01:16:33.693,302.971388,306.22705
2024-06-01 01:16:34.205,302.971388,304.89478
2024-06-01 01:16:34.717,302.971388,304.89478
2024-06-01 01:16:35.229,302.971388,306.22705
2024-06-01 01:16:35.741,302.971388,306.22705
2024-06-01 01:16:36.253,302.971388,306.46185
2024-06-01 01:16:36.765,302.971388,306.46185
2024-06-01 01:16:37.277,302.971388,307.69254
2024-06-01 01:16:37.789,354.729795,355.1952
2024-06-01 01:16:38.301,354.729795,354.8507
2024-06-01 01:16:38.813,354.729795,354.8507
2024-06-01 01:16:39.325,354.729795,354.8183
2024-06-01 01:16:39.837,302.971388,306.46185
2024-06-01 01:16:40.349,302.971388,306.22705
2024-06-01 01:16:40.861,302.971388,306.22705
2024-06-01 01:16:41.373,302.971388,306.22705
2024-06-01 01:16:41.885,302.971388,306.22705
2024-06-01 01:16:42.397,302.971388,304.89478
2024-06-01 01:16:42.909,302.971388,304.89478
2024-06-01 01:16:43.421,302.971388,306.22705
2024-06-01 01:16:43.933,302.971388,306.22705
2024-06-01 01:16:44.445,302.971388,306.22705
2024-06-01 01:16:44.957,302.971388,306.22705
2024-06-01 01:16:45.469,302.971388,306.46185
2024-06-01 01:16:45.981,313.323069,316.06546
2024-06-01 01:16:46.493,313.323069,316.06546
2024-06-01 01:16:47.005,313.323069,316.06546
2024-06-01 01:16:47.517,313.323069,316.6347
2024-06-01 01:16:48.029,323.674751,326.19183
2024-06-01 01:16:48.541,323.674751,325.90384
2024-06-01 01:16:49.053,323.674751,325.90384
2024-06-01 01:16:49.565,323.674751,325.4342
2024-06-01 01:16:50.076,313.323069,315.8307
2024-06-01 01:16:50.588,313.323069,314.4738
2024-06-01 01:16:51.100,313.323069,314.4738
2024-06-01 01:16:51.612,313.323069,315.8307
2024-06-01 01:16:52.124,302.971388,306.22705
2024-06-01 01:16:52.636,302.971388,306.46185
2024-06-01 01:16:53.148,302.971388,306.46185
2024-06-01 01:16:53.660,302.971388,306.22705
2024-06-01 01:16:54.172,302.971388,306.22705
2024-06-01 01:16:54.684,302.971388,306.46185
2024-06-01 01:16:55.196,302.971388,306.46185
2024-06-01 01:16:55.708,302.971388,306.22705
2024-06-01 01:16:56.220,302.971388,306.22705
2024-06-01 01:16:56.732,302.971388,306.46185
2024-06-01 01:16:57.244,302.971388,306.46185
2024-06-01 01:16:57.756,302.971388,306.75784
2024-06-01 01:16:58.268,334.026432,335.50745
2024-06-01 01:16:58.780,334.026432,333.63187
2024-06-01 01:16:59.292,334.026432,333.63187
2024-06-01 01:16:59.804,334.026432,335.2726
2024-06-01 01:17:00.316,292.619706,296.881
2024-06-01 01:17:00.828,292.619706,296.6235
2024-06-01 01:17:01.340,292.619706,296.6235
2024-06-01 01:17:01.852,292.619706,296.881
2024-06-01 01:17:02.364,313.323069,316.06546
2024-06-01 01:17:02.876,313.323069,316.06546
2024-06-01 01:17:03.388,313.323069,316.06546
2024-06-01 01:17:03.900,313.323069,316.06546
2024-06-01 01:17:04.412,302.971388,306.46185
2024-06-01 01:17:04.924,302.971388,306.22705
2024-06-01 01:17:05.436,302.971388,306.22705
2024-06-01 01:17:05.948,302.971388,306.22705
2024-06-01 01:17:06.460,302.971388,306.22705
2024-06-01 01:17:06.972,302.971388,306.22705
2024-06-01 01:17:07.484,302.971388,306.22705
2024-06-01 01:17:07.996,302.971388,306.75787
2024-06-01 01:17:08.508,323.674751,325.90384
2024-06-01 01:17:09.020,323.674751,325.4342
2024-06-01 01:17:09.532,323.674751,325.4342
2024-06-01 01:17:10.044,323.674751,326.19183
2024-06-01 01:17:10.556,313.323069,316.6347
2024-06-01 01:17:11.068,313.323069,316.31503
2024-06-01 01:17:11.580,313.323069,316.31503
2024-06-01 01:17:12.092,313.323069,316.06546
2024-06-01 01:17:12.604,302.971388,306.46185
2024-06-01 01:17:13.116,302.971388,306.22705
2024-06-01 01:17:13.628,302.971388,306.22705
2024-06-01 01:17:14.140,302.971388,304.89478
2024-06-01 01:17:14.652,302.971388,304.89478
2024-06-01 01:17:15.164,302.971388,304.89478
2024-06-01 01:17:15.676,302.971388,304.89478
2024-06-01 01:17:16.188,302.971388,306.22705
2024-06-01 01:17:16.700,302.971388,306.22705
2024-06-01 01:17:17.212,302.971388,306.75787
2024-06-01 01:17:17.724,302.971388,306.75787
2024-06-01 01:17:18.236,302.971388,307.44492
2024-06-01 01:17:18.748,323.674751,326.4461
2024-06-01 01:17:19.260,323.674751,325.90384
2024-06-01 01:17:19.772,323.674751,325.90384
2024-06-01 01:17:20.284,323.674751,325.4342
2024-06-01 01:17:20.796,323.674751,325.4342
2024-06-01 01:17:21.308,323.674751,325.4342
2024-06-01 01:17:21.820,323.674751,325.4342
2024-06-01 01:17:22.332,323.674751,325.4342
2024-06-01 01:17:22.844,313.323069,315.8307
2024-06-01 01:17:23.356,313.323069,314.4738
2024-06-01 01:17:23.868,313.323069,314.4738
2024-06-01 01:17:24.380,313.323069,316.06546
2024-06-01 01:17:24.892,302.971388,306.46185
2024-06-01 01:17:25.404,302.971388,306.22705
2024-06-01 01:17:25.916,302.971388,306.22705
2024-06-01 01:17:26.428,302.971388,306.75787
2024-06-01 01:17:26.940,302.971388,306.75787
2024-06-01 01:17:27.452,302.971388,307.69254
2024-06-01 01:17:27.964,302.971388,307.69254
2024-06-01 01:17:28.476,302.971388,307.07843
2024-06-01 01:17:28.988,334.026432,335.703
2024-06-01 01:17:29.500,334.026432,335.2726
2024-06-01 01:17:30.012,334.026432,335.2726
2024-06-01 01:17:30.524,334.026432,335.03778
2024-06-01 01:17:31.036,302.971388,306.22705
2024-06-01 01:17:31.548,302.971388,304.89478
2024-06-01 01:17:32.060,302.971388,304.89478
2024-06-01 01:17:32.572,302.971388,306.46185
2024-06-01 01:17:33.084,313.323069,316.06546
2024-06-01 01:17:33.596,313.323069,316.06546
2024-06-01 01:17:34.108,313.323069,316.06546
2024-06-01 01:17:34.620,313.323069,316.06546
2024-06-01 01:17:35.132,302.971388,306.46185
2024-06-01 01:17:35.644,302.971388,306.46185
2024-06-01 01:17:36.156,302.971388,306.46185
2024-06-01 01:17:36.668,302.971388,306.46185
2024-06-01 01:17:37.180,313.323069,316.06546
2024-06-01 01:17:37.692,313.323069,316.31503
2024-06-01 01:17:38.204,313.323069,316.31503
2024-06-01 01:17:38.716,313.323069,316.06546
2024-06-01 01:17:39.228,323.674751,325.669
2024-06-01 01:17:39.740,323.674751,325.4342
2024-06-01 01:17:40.252,323.674751,325.4342
2024-06-01 01:17:40.764,323.674751,325.4342
2024-06-01 01:17:41.276,313.323069,315.8307
2024-06-01 01:17:41.788,313.323069,316.06546
2024-06-01 01:17:42.300,313.323069,316.06546
2024-06-01 01:17:42.812,313.323069,315.8307
2024-06-01 01:17:43.324,302.971388,306.22705
2024-06-01 01:17:43.836,302.971388,306.46185
2024-06-01 01:17:44.348,302.971388,306.46185
2024-06-01 01:17:44.860,302.971388,306.22705
2024-06-01 01:17:45.372,302.971388,306.22705
2024-06-01 01:17:45.884,302.971388,306.22705
2024-06-01 01:17:46.396,302.971388,306.22705
2024-06-01 01:17:46.908,302.971388,306.22705
2024-06-01 01:17:47.420,302.971388,306.22705
2024-06-01 01:17:47.932,302.971388,306.75787
2024-06-01 01:17:48.444,302.971388,306.75787
2024-06-01 01:17:48.956,302.971388,306.75787
2024-06-01 01:17:49.468,313.323069,316.31503
2024-06-01 01:17:49.980,313.323069,316.31503
2024-06-01 01:17:50.492,313.323069,316.31503
2024-06-01 01:17:51.004,313.323069,315.8307
2024-06-01 01:17:51.516,302.971388,306.22705
2024-06-01 01:17:52.028,302.971388,306.46185
2024-06-01 01:17:52.540,302.971388,306.46185
2024-06-01 01:17:53.052,302.971388,306.46185
2024-06-01 01:17:53.564,302.971388,306.46185
2024-06-01 01:17:54.076,302.971388,306.22705
2024-06-01 01:17:54.588,302.971388,306.22705
2024-06-01 01:17:55.100,302.971388,306.22705
2024-06-01 01:17:55.612,302.971388,306.22705
2024-06-01 01:17:56.124,302.439506,306.75787
2024-06-01 01:17:56.636,302.439506,306.75787
2024-06-01 01:17:57.148,302.439506,307.07843
2024-06-01 01:17:57.660,333.440032,335.703
2024-06-01 01:17:58.172,333.440032,336.19415
