timestamp,Actual,Predicted
2024-06-01 11:40:05.124,40.916476,40.939346
2024-06-01 11:40:05.636,40.916476,40.93975
2024-06-01 11:40:06.148,40.916476,40.94
2024-06-01 11:40:06.660,40.916476,40.942436
2024-06-01 11:40:07.172,40.916476,40.942535
2024-06-01 11:40:07.684,40.916476,40.94252
2024-06-01 11:40:08.196,40.916476,40.94259
2024-06-01 11:40:08.708,40.916476,40.942802
2024-06-01 11:40:09.220,40.916476,40.943184
2024-06-01 11:40:09.732,40.916476,40.943577
2024-06-01 11:40:10.244,40.916476,40.94387
2024-06-01 11:40:10.756,40.916476,40.94403
2024-06-01 11:40:11.268,40.916476,40.94405
2024-06-01 11:40:11.780,40.916476,40.94405
2024-06-01 11:40:12.292,40.916476,40.94405
2024-06-01 11:40:12.804,40.916476,40.94405
2024-06-01 11:40:13.316,40.916476,40.94405
2024-06-01 11:40:13.828,40.916476,40.94405
2024-06-01 11:40:14.340,40.916476,40.94405
2024-06-01 11:40:14.852,40.916476,40.941597
2024-06-01 11:40:15.364,40.916476,40.941154
2024-06-01 11:40:15.876,40.916476,40.94078
2024-06-01 11:40:16.388,40.916476,40.940414
2024-06-01 11:40:16.900,40.916476,40.942497
2024-06-01 11:40:17.412,40.916476,40.942535
2024-06-01 11:40:17.924,40.916476,40.94252
2024-06-01 11:40:18.436,40.916476,40.94259
2024-06-01 11:40:18.948,40.916476,40.942802
2024-06-01 11:40:19.460,40.916476,40.943184
2024-06-01 11:40:19.972,40.916476,40.943577
2024-06-01 11:40:20.484,40.916476,40.943874
2024-06-01 11:40:20.996,40.916476,40.94403
2024-06-01 11:40:21.508,40.916476,40.94405
2024-06-01 11:40:22.020,40.916476,40.94405
2024-06-01 11:40:22.532,40.916476,40.94405
2024-06-01 11:40:23.044,40.916476,40.941597
2024-06-01 11:40:23.556,40.916476,40.941154
2024-06-01 11:40:24.068,40.916476,40.94078
2024-06-01 11:40:24.580,40.916476,40.940414
2024-06-01 11:40:25.092,40.916476,40.940037
2024-06-01 11:40:25.604,40.916476,40.939613
2024-06-01 11:40:26.116,40.916476,40.93921
2024-06-01 11:40:26.628,40.916476,40.938904
2024-06-01 11:40:27.140,40.916476,40.946045
2024-06-01 11:40:27.652,40.916476,40.947372
2024-06-01 11:40:28.164,40.916476,40.948517
2024-06-01 11:40:28.676,40.916476,40.94957
2024-06-01 11:40:29.188,40.987313,40.945847
2024-06-01 11:40:29.700,40.987313,40.94616
2024-06-01 11:40:30.212,40.987313,40.94655
2024-06-01 11:40:30.724,40.987313,40.946712
2024-06-01 11:40:31.236,40.916476,40.946457
2024-06-01 11:40:31.748,40.916476,40.945675
2024-06-01 11:40:32.260,40.916476,40.94493
2024-06-01 11:40:32.772,40.916476,40.94438
2024-06-01 11:40:33.284,40.916476,40.941647
2024-06-01 11:40:33.796,40.916476,40.941154
2024-06-01 11:40:34.308,40.916476,40.94078
2024-06-01 11:40:34.820,40.916476,40.940414
2024-06-01 11:40:35.332,40.916476,40.940037
2024-06-01 11:40:35.844,40.916476,40.939613
2024-06-01 11:40:36.356,40.916476,40.93921
2024-06-01 11:40:36.868,40.916476,40.938904
2024-06-01 11:40:37.380,40.916476,40.943634
2024-06-01 11:40:37.892,40.916476,40.94452
2024-06-01 11:40:38.403,40.916476,40.945293
2024-06-01 11:40:38.915,40.916476,40.946022
2024-06-01 11:40:39.427,40.916476,40.94188
2024-06-01 11:40:39.939,40.916476,40.941803
2024-06-01 11:40:40.451,40.916476,40.941826
2024-06-01 11:40:40.963,40.916476,40.9417
2024-06-01 11:40:41.475,40.916476,40.94374
2024-06-01 11:40:41.987,40.916476,40.943413
2024-06-01 11:40:42.499,40.916476,40.943005
2024-06-01 11:40:43.011,40.916476,40.942776
2024-06-01 11:40:43.523,40.916476,40.947647
2024-06-01 11:40:44.035,40.916476,40.948887
2024-06-01 11:40:44.547,40.916476,40.949997
2024-06-01 11:40:45.059,40.916476,40.95095
2024-06-01 11:40:45.571,40.916476,40.94211
2024-06-01 11:40:46.083,40.916476,40.941204
2024-06-01 11:40:46.595,40.916476,40.940514
2024-06-01 11:40:47.107,40.916476,40.9397
2024-06-01 11:40:47.619,40.916476,40.943497
2024-06-01 11:40:48.131,40.916476,40.942776
2024-06-01 11:40:48.643,40.916476,40.941948
2024-06-01 11:40:49.155,40.916476,40.94149
2024-06-01 11:40:49.667,40.987313,40.941612
2024-06-01 11:40:50.179,40.987313,40.942284
2024-06-01 11:40:50.691,40.987313,40.943085
2024-06-01 11:40:51.203,40.987313,40.943687
2024-06-01 11:40:51.715,40.916476,40.94155
2024-06-01 11:40:52.227,40.916476,40.941154
2024-06-01 11:40:52.739,40.916476,40.94078
2024-06-01 11:40:53.251,40.916476,40.940414
2024-06-01 11:40:53.763,40.916476,40.942497
2024-06-01 11:40:54.275,40.916476,40.942535
2024-06-01 11:40:54.787,40.916476,40.94252
2024-06-01 11:40:55.299,40.916476,40.94259
2024-06-01 11:40:55.811,40.916476,40.945232
2024-06-01 11:40:56.323,40.916476,40.946053
2024-06-01 11:40:56.835,40.916476,40.946823
2024-06-01 11:40:57.347,40.916476,40.94745
2024-06-01 11:40:57.859,40.987313,40.947956
2024-06-01 11:40:58.371,40.987313,40.94834
2024-06-01 11:40:58.883,40.987313,40.948708
2024-06-01 11:40:59.395,40.987313,40.94898
2024-06-01 11:40:59.907,40.916476,40.946716
2024-06-01 11:41:00.419,40.916476,40.9463
2024-06-01 11:41:00.931,40.916476,40.94596
2024-06-01 11:41:01.443,40.916476,40.945625
2024-06-01 11:41:01.955,40.987313,40.942837
2024-06-01 11:41:02.467,40.987313,40.942017
2024-06-01 11:41:02.979,40.987313,40.94127
2024-06-01 11:41:03.491,40.987313,40.940617
2024-06-01 11:41:04.003,40.916476,40.942528
2024-06-01 11:41:04.515,40.916476,40.942535
2024-06-01 11:41:05.027,40.916476,40.94252
2024-06-01 11:41:05.539,40.916476,40.94259
2024-06-01 11:41:06.051,40.916476,40.942802
2024-06-01 11:41:06.563,40.916476,40.943184
2024-06-01 11:41:07.075,40.916476,40.943577
2024-06-01 11:41:07.587,40.916476,40.94387
2024-06-01 11:41:08.099,40.987313,40.946453
2024-06-01 11:41:08.611,40.987313,40.9469
2024-06-01 11:41:09.123,40.987313,40.947266
2024-06-01 11:41:09.635,40.987313,40.9476
2024-06-01 11:41:10.147,40.987313,40.94555
2024-06-01 11:41:10.659,40.987313,40.94552
2024-06-01 11:41:11.171,40.987313,40.945534
2024-06-01 11:41:11.683,40.987313,40.945473
2024-06-01 11:41:12.195,40.987313,40.940353
2024-06-01 11:41:12.707,40.987313,40.939102
2024-06-01 11:41:13.219,40.987313,40.937973
2024-06-01 11:41:13.731,40.987313,40.936928
2024-06-01 11:41:14.243,40.987313,40.93847
2024-06-01 11:41:14.755,40.987313,40.938023
2024-06-01 11:41:15.267,40.987313,40.93759
2024-06-01 11:41:15.779,40.987313,40.937347
2024-06-01 11:41:16.291,40.916476,40.934868
2024-06-01 11:41:16.803,40.916476,40.934692
2024-06-01 11:41:17.315,40.916476,40.934692
2024-06-01 11:41:17.827,40.916476,40.934616
2024-06-01 11:41:18.339,40.916476,40.936928
2024-06-01 11:41:18.851,40.916476,40.93703
2024-06-01 11:41:19.363,40.916476,40.937027
2024-06-01 11:41:19.875,40.916476,40.9371
2024-06-01 11:41:20.387,40.916476,40.93981
2024-06-01 11:41:20.899,40.916476,40.940674
2024-06-01 11:41:21.411,40.916476,40.941494
2024-06-01 11:41:21.923,40.916476,40.942192
2024-06-01 11:41:22.435,40.987313,40.940273
2024-06-01 11:41:22.947,40.987313,40.94026
2024-06-01 11:41:23.459,40.987313,40.940273
2024-06-01 11:41:23.971,40.987313,40.94021
2024-06-01 11:41:24.483,40.987313,40.9375
2024-06-01 11:41:24.995,40.987313,40.936653
2024-06-01 11:41:25.507,40.987313,40.935844
2024-06-01 11:41:26.019,40.987313,40.93513
2024-06-01 11:41:26.531,40.987313,40.944405
2024-06-01 11:41:27.043,40.987313,40.9458
2024-06-01 11:41:27.555,40.987313,40.94698
2024-06-01 11:41:28.067,40.987313,40.94815
2024-06-01 11:41:28.579,40.987313,40.944656
2024-06-01 11:41:29.091,40.987313,40.945347
2024-06-01 11:41:29.603,40.987313,40.94612
2024-06-01 11:41:30.115,40.987313,40.946564
2024-06-01 11:41:30.627,40.987313,40.94402
2024-06-01 11:41:31.139,40.987313,40.942833
2024-06-01 11:41:31.651,40.987313,40.94335
2024-06-01 11:41:32.163,40.987313,40.943527
2024-06-01 11:41:32.675,40.987313,40.940838
2024-06-01 11:41:33.187,40.987313,40.94034
2024-06-01 11:41:33.699,40.987313,40.93995
2024-06-01 11:41:34.211,40.987313,40.939636
2024-06-01 11:41:34.723,40.987313,40.939293
2024-06-01 11:41:35.235,40.987313,40.93884
2024-06-01 11:41:35.747,40.987313,40.938194
2024-06-01 11:41:36.259,40.987313,40.937355
2024-06-01 11:41:36.771,40.987313,40.93972
2024-06-01 11:41:37.283,40.987313,40.940186
2024-06-01 11:41:37.795,40.987313,40.940613
2024-06-01 11:41:38.307,40.987313,40.94102
2024-06-01 11:41:38.819,40.987313,40.936348
2024-06-01 11:41:39.331,40.987313,40.93579
2024-06-01 11:41:39.843,40.987313,40.935345
2024-06-01 11:41:40.355,40.987313,40.934845
2024-06-01 11:41:40.867,40.987313,40.939285
2024-06-01 11:41:41.379,40.987313,40.939423
2024-06-01 11:41:41.891,40.987313,40.939438
2024-06-01 11:41:42.403,40.987313,40.939636
2024-06-01 11:41:42.915,40.987313,40.9376
2024-06-01 11:41:43.427,40.987313,40.937927
2024-06-01 11:41:43.939,40.987313,40.93833
2024-06-01 11:41:44.451,40.987313,40.938553
2024-06-01 11:41:44.963,40.987313,40.938477
2024-06-01 11:41:45.475,40.987313,40.938087
2024-06-01 11:41:45.987,40.987313,40.937668
2024-06-01 11:41:46.499,40.987313,40.937355
2024-06-01 11:41:47.011,40.916476,40.937187
2024-06-01 11:41:47.523,40.916476,40.93715
2024-06-01 11:41:48.035,40.916476,40.93715
2024-06-01 11:41:48.547,40.916476,40.93715
2024-06-01 11:41:49.059,40.987313,40.93715
2024-06-01 11:41:49.571,40.987313,40.93715
2024-06-01 11:41:50.083,40.987313,40.93715
2024-06-01 11:41:50.595,40.987313,40.93715
2024-06-01 11:41:51.107,40.987313,40.942192
2024-06-01 11:41:51.619,40.987313,40.943184
2024-06-01 11:41:52.131,40.987313,40.94402
2024-06-01 11:41:52.643,40.987313,40.94481
2024-06-01 11:41:53.155,40.987313,40.943108
2024-06-01 11:41:53.667,40.987313,40.943474
2024-06-01 11:41:54.179,40.987313,40.94386
2024-06-01 11:41:54.691,40.987313,40.944065
2024-06-01 11:41:55.203,40.987313,40.941475
2024-06-01 11:41:55.715,40.987313,40.940605
2024-06-01 11:41:56.227,40.987313,40.939808
2024-06-01 11:41:56.739,40.987313,40.93912
2024-06-01 11:41:57.251,40.987313,40.94356
2024-06-01 11:41:57.763,40.987313,40.944065
2024-06-01 11:41:58.275,40.987313,40.944485
2024-06-01 11:41:58.787,40.987313,40.94496
2024-06-01 11:41:59.299,40.987313,40.943115
2024-06-01 11:41:59.811,40.987313,40.943474
2024-06-01 11:42:00.323,40.987313,40.94386
2024-06-01 11:42:00.835,40.987313,40.944065
2024-06-01 11:42:01.347,40.987313,40.943977
2024-06-01 11:42:01.859,40.987313,40.943573
2024-06-01 11:42:02.371,40.987313,40.943176
2024-06-01 11:42:02.883,40.987313,40.942883
2024-06-01 11:42:03.395,40.987313,40.94023
2024-06-01 11:42:03.907,40.987313,40.939743
2024-06-01 11:42:04.419,40.987313,40.93933
2024-06-01 11:42:04.931,40.987313,40.93893
2024-06-01 11:42:05.443,40.987313,40.93853
2024-06-01 11:42:05.955,40.987313,40.938087
2024-06-01 11:42:06.467,40.987313,40.937668
2024-06-01 11:42:06.979,40.987313,40.937355
2024-06-01 11:42:07.491,40.987313,40.93972
2024-06-01 11:42:08.003,40.987313,40.940186
2024-06-01 11:42:08.515,40.987313,40.940613
2024-06-01 11:42:09.027,40.987313,40.94102
2024-06-01 11:42:09.539,40.987313,40.9389
2024-06-01 11:42:10.051,40.987313,40.938843
2024-06-01 11:42:10.563,40.987313,40.938835
2024-06-01 11:42:11.074,40.987313,40.938744
2024-06-01 11:42:11.586,40.987313,40.94103
2024-06-01 11:42:12.098,40.987313,40.9411
2024-06-01 11:42:12.610,40.987313,40.94111
2024-06-01 11:42:13.122,40.987313,40.9412
2024-06-01 11:42:13.634,40.987313,40.938927
2024-06-01 11:42:14.146,40.987313,40.938843
2024-06-01 11:42:14.658,40.987313,40.938835
2024-06-01 11:42:15.170,40.987313,40.938744
2024-06-01 11:42:15.682,40.987313,40.938507
2024-06-01 11:42:16.194,40.987313,40.938087
2024-06-01 11:42:16.706,40.987313,40.937668
2024-06-01 11:42:17.218,40.987313,40.937355
2024-06-01 11:42:17.730,40.987313,40.942215
2024-06-01 11:42:18.242,40.987313,40.943184
2024-06-01 11:42:18.754,40.987313,40.94402
2024-06-01 11:42:19.266,40.987313,40.94481
2024-06-01 11:42:19.778,40.987313,40.940598
2024-06-01 11:42:20.290,40.987313,40.940483
2024-06-01 11:42:20.802,40.987313,40.940468
2024-06-01 11:42:21.314,40.987313,40.940292
2024-06-01 11:42:21.826,40.987313,40.944824
2024-06-01 11:42:22.338,40.987313,40.94493
2024-06-01 11:42:22.850,40.987313,40.94494
2024-06-01 11:42:23.362,40.987313,40.945114
2024-06-01 11:42:23.874,40.987313,40.94062
2024-06-01 11:42:24.386,40.987313,40.940483
2024-06-01 11:42:24.898,40.987313,40.940468
2024-06-01 11:42:25.410,40.987313,40.940292
2024-06-01 11:42:25.922,40.987313,40.939827
2024-06-01 11:42:26.434,40.987313,40.938995
2024-06-01 11:42:26.946,40.987313,40.938175
2024-06-01 11:42:27.458,40.987313,40.937553
2024-06-01 11:42:27.970,40.987313,40.93976
2024-06-01 11:42:28.482,40.987313,40.940186
2024-06-01 11:42:28.994,40.987313,40.940613
2024-06-01 11:42:29.506,40.987313,40.94102
2024-06-01 11:42:30.018,40.987313,40.9389
2024-06-01 11:42:30.530,40.987313,40.938843
2024-06-01 11:42:31.042,40.987313,40.938835
2024-06-01 11:42:31.554,40.987313,40.938744
2024-06-01 11:42:32.066,40.987313,40.94103
2024-06-01 11:42:32.578,40.987313,40.9411
2024-06-01 11:42:33.090,40.987313,40.94111
2024-06-01 11:42:33.602,40.987313,40.9412
2024-06-01 11:42:34.114,40.987313,40.938927
2024-06-01 11:42:34.626,40.987313,40.938843
2024-06-01 11:42:35.138,40.987313,40.938835
2024-06-01 11:42:35.650,40.987313,40.938744
2024-06-01 11:42:36.162,40.987313,40.938503
2024-06-01 11:42:36.674,40.987313,40.938087
2024-06-01 11:42:37.186,40.987313,40.937668
2024-06-01 11:42:37.698,40.987313,40.937355
2024-06-01 11:42:38.210,40.987313,40.937187
2024-06-01 11:42:38.722,40.987313,40.93715
2024-06-01 11:42:39.234,40.987313,40.93715
2024-06-01 11:42:39.746,40.987313,40.93715
2024-06-01 11:42:40.258,40.987313,40.942192
2024-06-01 11:42:40.770,40.987313,40.943184
2024-06-01 11:42:41.282,40.987313,40.94402
2024-06-01 11:42:41.794,40.987313,40.94481
2024-06-01 11:42:42.306,40.987313,40.94558
2024-06-01 11:42:42.818,40.987313,40.94641
2024-06-01 11:42:43.330,40.987313,40.94718
2024-06-01 11:42:43.842,40.987313,40.947746
2024-06-01 11:42:44.354,40.987313,40.94307
2024-06-01 11:42:44.866,40.987313,40.94216
2024-06-01 11:42:45.378,40.987313,40.94139
2024-06-01 11:42:45.890,40.987313,40.940636
2024-06-01 11:42:46.402,40.987313,40.939865
2024-06-01 11:42:46.914,40.987313,40.938995
2024-06-01 11:42:47.426,40.987313,40.938175
2024-06-01 11:42:47.938,40.987313,40.93756
2024-06-01 11:42:48.450,40.987313,40.937225
2024-06-01 11:42:48.962,40.987313,40.93715
2024-06-01 11:42:49.474,40.987313,40.93715
2024-06-01 11:42:49.986,40.987313,40.93715
2024-06-01 11:42:50.498,40.987313,40.939686
2024-06-01 11:42:51.010,40.987313,40.940186
2024-06-01 11:42:51.522,40.987313,40.940613
2024-06-01 11:42:52.034,40.987313,40.94102
2024-06-01 11:42:52.546,40.987313,40.94142
2024-06-01 11:42:53.058,40.987313,40.941856
2024-06-01 11:42:53.570,40.987313,40.94227
2024-06-01 11:42:54.082,40.987313,40.942566
2024-06-01 11:42:54.594,40.987313,40.94272
2024-06-01 11:42:55.106,40.987313,40.94273
2024-06-01 11:42:55.618,40.987313,40.94273
2024-06-01 11:42:56.130,40.987313,40.94273
2024-06-01 11:42:56.642,40.987313,40.945206
2024-06-01 11:42:57.154,40.987313,40.94567
2024-06-01 11:42:57.666,40.987313,40.946064
2024-06-01 11:42:58.178,40.987313,40.946434
2024-06-01 11:42:58.690,40.987313,40.944344
2024-06-01 11:42:59.202,40.987313,40.944298
2024-06-01 11:42:59.714,40.987313,40.944298
2024-06-01 11:43:00.226,40.987313,40.944214
2024-06-01 11:43:00.738,40.987313,40.943977
2024-06-01 11:43:01.250,40.987313,40.943573
2024-06-01 11:43:01.762,40.987313,40.943176
2024-06-01 11:43:02.274,40.987313,40.942883
2024-06-01 11:43:02.786,40.987313,40.942738
2024-06-01 11:43:03.298,40.987313,40.94273
2024-06-01 11:43:03.810,40.987313,40.94273
2024-06-01 11:43:04.322,40.987313,40.942726
2024-06-01 11:43:04.834,40.987313,40.94022
2024-06-01 11:43:05.346,40.987313,40.939743
2024-06-01 11:43:05.858,40.987313,40.93933
2024-06-01 11:43:06.370,40.987313,40.93893
2024-06-01 11:43:06.882,40.987313,40.93853
2024-06-01 11:43:07.394,40.987313,40.938087
2024-06-01 11:43:07.906,40.987313,40.937668
2024-06-01 11:43:08.418,40.987313,40.937355
2024-06-01 11:43:08.930,40.987313,40.942215
2024-06-01 11:43:09.442,40.987313,40.943184
2024-06-01 11:43:09.954,40.987313,40.94402
2024-06-01 11:43:10.466,40.987313,40.94481
2024-06-01 11:43:10.978,40.916476,40.93805
2024-06-01 11:43:11.490,40.916476,40.937454
2024-06-01 11:43:12.002,40.916476,40.937023
2024-06-01 11:43:12.514,40.916476,40.936443
2024-06-01 11:43:13.026,40.987313,40.94065
2024-06-01 11:43:13.538,40.987313,40.940353
2024-06-01 11:43:14.050,40.987313,40.93994
2024-06-01 11:43:14.562,40.987313,40.939827
2024-06-01 11:43:15.074,40.987313,40.940163
2024-06-01 11:43:15.586,40.987313,40.940956
2024-06-01 11:43:16.098,40.987313,40.941788
2024-06-01 11:43:16.610,40.987313,40.942394
2024-06-01 11:43:17.122,40.987313,40.942703
2024-06-01 11:43:17.634,40.987313,40.94273
2024-06-01 11:43:18.146,40.987313,40.94273
2024-06-01 11:43:18.658,40.987313,40.94273
2024-06-01 11:43:19.170,40.987313,40.94273
2024-06-01 11:43:19.682,40.987313,40.94273
2024-06-01 11:43:20.194,40.987313,40.94273
2024-06-01 11:43:20.706,40.987313,40.942726
2024-06-01 11:43:21.218,40.987313,40.942726
2024-06-01 11:43:21.730,40.987313,40.94273
2024-06-01 11:43:22.242,40.987313,40.94273
2024-06-01 11:43:22.754,40.987313,40.94273
2024-06-01 11:43:23.266,40.987313,40.94273
2024-06-01 11:43:23.778,40.987313,40.94273
2024-06-01 11:43:24.290,40.987313,40.94273
2024-06-01 11:43:24.802,40.987313,40.94273
2024-06-01 11:43:25.314,40.987313,40.94273
2024-06-01 11:43:25.826,40.987313,40.94273
2024-06-01 11:43:26.338,40.987313,40.94273
2024-06-01 11:43:26.850,40.987313,40.94273
2024-06-01 11:43:27.362,40.987313,40.937675
2024-06-01 11:43:27.874,40.987313,40.936707
2024-06-01 11:43:28.386,40.987313,40.935867
2024-06-01 11:43:28.898,40.987313,40.93506
2024-06-01 11:43:29.410,40.987313,40.939316
2024-06-01 11:43:29.922,40.987313,40.939423
2024-06-01 11:43:30.434,40.987313,40.939438
2024-06-01 11:43:30.946,40.987313,40.939636
2024-06-01 11:43:31.458,40.987313,40.937607
2024-06-01 11:43:31.970,40.987313,40.937927
2024-06-01 11:43:32.482,40.987313,40.93833
2024-06-01 11:43:32.994,40.987313,40.938553
2024-06-01 11:43:33.506,40.987313,40.9435
2024-06-01 11:43:34.018,40.987313,40.944065
2024-06-01 11:43:34.530,40.987313,40.944485
2024-06-01 11:43:35.042,40.987313,40.94496
2024-06-01 11:43:35.554,40.987313,40.940605
2024-06-01 11:43:36.066,40.987313,40.940483
2024-06-01 11:43:36.578,40.987313,40.940468
2024-06-01 11:43:37.090,40.987313,40.940296
2024-06-01 11:43:37.602,40.987313,40.942337
2024-06-01 11:43:38.114,40.987313,40.94199
2024-06-01 11:43:38.626,40.987313,40.94158
2024-06-01 11:43:39.138,40.987313,40.941376
2024-06-01 11:43:39.650,40.987313,40.953537
2024-06-01 11:43:40.162,40.987313,40.956245
2024-06-01 11:43:40.674,40.987313,40.95848
2024-06-01 11:43:41.186,40.987313,40.96041
2024-06-01 11:43:41.698,40.987313,40.947872
2024-06-01 11:43:42.210,40.987313,40.947197
2024-06-01 11:43:42.722,40.987313,40.946873
2024-06-01 11:43:43.233,40.987313,40.9462
2024-06-01 11:43:43.745,40.987313,40.94479
2024-06-01 11:43:44.257,40.987313,40.942326
2024-06-01 11:43:44.769,40.987313,40.94005
2024-06-01 11:43:45.281,40.987313,40.938324
2024-06-01 11:43:45.793,40.987313,40.937393
2024-06-01 11:43:46.305,40.987313,40.93715
2024-06-01 11:43:46.817,40.987313,40.93715
2024-06-01 11:43:47.329,40.987313,40.93715
2024-06-01 11:43:47.841,40.987313,40.93715
2024-06-01 11:43:48.353,40.987313,40.93715
2024-06-01 11:43:48.865,40.987313,40.93715
2024-06-01 11:43:49.377,40.987313,40.93715
2024-06-01 11:43:49.889,40.987313,40.942192
2024-06-01 11:43:50.401,40.987313,40.943184
2024-06-01 11:43:50.913,40.987313,40.94402
2024-06-01 11:43:51.425,40.987313,40.94481
2024-06-01 11:43:51.937,40.987313,40.943108
2024-06-01 11:43:52.449,40.987313,40.943474
2024-06-01 11:43:52.961,40.987313,40.94386
2024-06-01 11:43:53.473,40.987313,40.944065
2024-06-01 11:43:53.985,40.987313,40.943977
2024-06-01 11:43:54.497,40.987313,40.943573
2024-06-01 11:43:55.009,40.987313,40.943176
2024-06-01 11:43:55.521,40.987313,40.942883
2024-06-01 11:43:56.033,40.987313,40.94023
2024-06-01 11:43:56.545,40.987313,40.939743
2024-06-01 11:43:57.057,40.987313,40.93933
2024-06-01 11:43:57.569,40.987313,40.93893
2024-06-01 11:43:58.081,40.987313,40.945995
2024-06-01 11:43:58.593,40.987313,40.947
2024-06-01 11:43:59.105,40.987313,40.947803
2024-06-01 11:43:59.617,40.987313,40.94864
2024-06-01 11:44:00.129,40.987313,40.94719
2024-06-01 11:44:00.641,40.987313,40.947945
2024-06-01 11:44:01.153,40.987313,40.948692
2024-06-01 11:44:01.665,40.987313,40.949165
2024-06-01 11:44:02.177,40.987313,40.944263
2024-06-01 11:44:02.689,40.987313,40.94295
2024-06-01 11:44:03.201,40.987313,40.941826
2024-06-01 11:44:03.713,40.987313,40.940807
2024-06-01 11:44:04.225,40.987313,40.942383
2024-06-01 11:44:04.737,40.987313,40.94199
2024-06-01 11:44:05.249,40.987313,40.94158
2024-06-01 11:44:05.761,40.987313,40.941376
2024-06-01 11:44:06.273,40.987313,40.93895
2024-06-01 11:44:06.785,40.987313,40.938843
2024-06-01 11:44:07.297,40.987313,40.938835
2024-06-01 11:44:07.809,40.987313,40.938744
2024-06-01 11:44:08.321,40.987313,40.930725
2024-06-01 11:44:08.833,40.987313,40.92878
2024-06-01 11:44:09.345,40.987313,40.92698
2024-06-01 11:44:09.857,40.987313,40.9253
2024-06-01 11:44:10.369,40.987313,40.92638
2024-06-01 11:44:10.881,40.987313,40.92535
2024-06-01 11:44:11.393,40.987313,40.924408
2024-06-01 11:44:11.905,40.987313,40.923798
2024-06-01 11:44:12.417,40.916476,40.92095
2024-06-01 11:44:12.929,40.916476,40.920605
2024-06-01 11:44:13.441,40.916476,40.920574
2024-06-01 11:44:13.953,40.916476,40.920444
2024-06-01 11:44:14.465,40.987313,40.922874
2024-06-01 11:44:14.977,40.987313,40.923035
2024-06-01 11:44:15.489,40.987313,40.923065
2024-06-01 11:44:16.001,40.987313,40.92319
2024-06-01 11:44:16.513,40.987313,40.92077
2024-06-01 11:44:17.025,40.987313,40.920605
2024-06-01 11:44:17.537,40.987313,40.920574
2024-06-01 11:44:18.049,40.987313,40.920444
2024-06-01 11:44:18.561,40.987313,40.920166
2024-06-01 11:44:19.073,40.987313,40.919724
2024-06-01 11:44:19.585,40.987313,40.919224
2024-06-01 11:44:20.097,40.987313,40.918835
2024-06-01 11:44:20.609,40.987313,40.921326
2024-06-01 11:44:21.121,40.987313,40.921852
2024-06-01 11:44:21.633,40.987313,40.922386
2024-06-01 11:44:22.145,40.987313,40.922897
2024-06-01 11:44:22.657,40.987313,40.923386
2024-06-01 11:44:23.169,40.987313,40.92391
2024-06-01 11:44:23.681,40.987313,40.9244
2024-06-01 11:44:24.193,40.987313,40.924763
2024-06-01 11:44:24.705,40.987313,40.92498
2024-06-01 11:44:25.217,40.987313,40.92505
2024-06-01 11:44:25.729,40.987313,40.92505
2024-06-01 11:44:26.241,40.987313,40.92505
2024-06-01 11:44:26.753,40.987313,40.92236
2024-06-01 11:44:27.265,40.987313,40.92177
2024-06-01 11:44:27.777,40.987313,40.92125
2024-06-01 11:44:28.289,40.987313,40.920753
2024-06-01 11:44:28.801,40.987313,40.922962
2024-06-01 11:44:29.313,40.987313,40.923035
2024-06-01 11:44:29.825,40.987313,40.923065
2024-06-01 11:44:30.337,40.987313,40.92319
2024-06-01 11:44:30.849,40.987313,40.923473
2024-06-01 11:44:31.361,40.987313,40.92391
2024-06-01 11:44:31.873,40.987313,40.930336
2024-06-01 11:44:32.385,40.987313,40.935028
2024-06-01 11:44:32.897,40.987313,40.93448
2024-06-01 11:44:33.409,40.987313,40.935593
2024-06-01 11:44:33.921,40.987313,40.93665
2024-06-01 11:44:34.433,40.987313,40.937576
2024-06-01 11:44:34.945,40.987313,40.937897
2024-06-01 11:44:35.457,40.987313,40.937283
2024-06-01 11:44:35.969,40.987313,40.93564
2024-06-01 11:44:36.481,40.987313,40.93269
2024-06-01 11:44:36.993,40.987313,40.929893
2024-06-01 11:44:37.505,40.987313,40.929394
2024-06-01 11:44:38.017,40.987313,40.92887
2024-06-01 11:44:38.529,40.987313,40.928375
2024-06-01 11:44:39.041,40.987313,40.933342
2024-06-01 11:44:39.553,40.987313,40.934074
2024-06-01 11:44:40.065,40.987313,40.93469
2024-06-01 11:44:40.577,40.987313,40.93538
2024-06-01 11:44:41.089,40.987313,40.936234
2024-06-01 11:44:41.601,40.987313,40.93725
2024-06-01 11:44:42.113,40.987313,40.938087
2024-06-01 11:44:42.625,40.987313,40.938618
2024-06-01 11:44:43.137,40.987313,40.93607
2024-06-01 11:44:43.649,40.987313,40.935265
2024-06-01 11:44:44.161,40.987313,40.934772
2024-06-01 11:44:44.673,40.987313,40.934303
2024-06-01 11:44:45.185,40.987313,40.939182
2024-06-01 11:44:45.697,40.987313,40.93988
2024-06-01 11:44:46.209,40.987313,40.94045
2024-06-01 11:44:46.721,40.987313,40.94111
2024-06-01 11:44:47.233,40.916476,40.939278
2024-06-01 11:44:47.745,40.916476,40.93972
2024-06-01 11:44:48.257,40.916476,40.94004
2024-06-01 11:44:48.769,40.916476,40.9401
2024-06-01 11:44:49.281,40.916476,40.947575
2024-06-01 11:44:49.793,40.916476,40.948494
2024-06-01 11:44:50.305,40.916476,40.94948
2024-06-01 11:44:50.817,40.916476,40.95049
2024-06-01 11:44:51.329,40.916476,40.949097
2024-06-01 11:44:51.841,40.916476,40.94993
2024-06-01 11:44:52.353,40.916476,40.950573
2024-06-01 11:44:52.865,40.916476,40.950832
2024-06-01 11:44:53.377,40.916476,40.95054
2024-06-01 11:44:53.889,40.916476,40.94967
2024-06-01 11:44:54.401,40.916476,40.949326
2024-06-01 11:44:54.913,40.916476,40.949112
2024-06-01 11:44:55.425,40.916476,40.949097
2024-06-01 11:44:55.937,40.916476,40.94925
2024-06-01 11:44:56.449,40.916476,40.94925
2024-06-01 11:44:56.961,40.916476,40.94925
2024-06-01 11:44:57.473,40.916476,40.946686
2024-06-01 11:44:57.985,40.916476,40.946175
2024-06-01 11:44:58.497,40.916476,40.945744
2024-06-01 11:44:59.009,40.916476,40.945335
2024-06-01 11:44:59.521,40.916476,40.947502
2024-06-01 11:45:00.033,40.916476,40.947613
2024-06-01 11:45:00.545,40.916476,40.947678
2024-06-01 11:45:01.057,40.916476,40.947876
2024-06-01 11:45:01.569,40.987313,40.95077
2024-06-01 11:45:02.081,40.987313,40.951824
2024-06-01 11:45:02.593,40.987313,40.952606
2024-06-01 11:45:03.105,40.987313,40.953205
2024-06-01 11:45:03.617,40.916476,40.948532
2024-06-01 11:45:04.129,40.916476,40.947784
2024-06-01 11:45:04.641,40.916476,40.9473
2024-06-01 11:45:05.153,40.916476,40.946716
2024-06-01 11:45:05.665,40.916476,40.94596
2024-06-01 11:45:06.177,40.916476,40.944984
2024-06-01 11:45:06.689,40.916476,40.94425
2024-06-01 11:45:07.201,40.916476,40.943813
2024-06-01 11:45:07.713,40.916476,40.941135
2024-06-01 11:45:08.225,40.916476,40.940857
2024-06-01 11:45:08.737,40.916476,40.940395
2024-06-01 11:45:09.249,40.916476,40.939957
2024-06-01 11:45:09.761,40.916476,40.942158
2024-06-01 11:45:10.273,40.916476,40.94227
2024-06-01 11:45:10.785,40.916476,40.942345
2024-06-01 11:45:11.297,40.916476,40.942543
2024-06-01 11:45:11.809,40.987313,40.94292
2024-06-01 11:45:12.321,40.987313,40.943474
2024-06-01 11:45:12.833,40.987313,40.943863
2024-06-01 11:45:13.345,40.987313,40.9441
2024-06-01 11:45:13.857,40.916476,40.94414
2024-06-01 11:45:14.369,40.916476,40.94401
2024-06-01 11:45:14.881,40.916476,40.94401
2024-06-01 11:45:15.393,40.916476,40.944008
2024-06-01 11:45:15.904,40.916476,40.944008
2024-06-01 11:45:16.416,40.916476,40.94401
2024-06-01 11:45:16.928,40.916476,40.94401
2024-06-01 11:45:17.440,40.916476,40.94401
2024-06-01 11:45:17.952,40.916476,40.94401
2024-06-01 11:45:18.464,40.916476,40.94401
2024-06-01 11:45:18.976,40.916476,40.94401
2024-06-01 11:45:19.488,40.916476,40.94401
2024-06-01 11:45:20.000,40.916476,40.94401
2024-06-01 11:45:20.512,40.916476,40.94401
2024-06-01 11:45:21.024,40.916476,40.94401
2024-06-01 11:45:21.536,40.916476,40.94401
2024-06-01 11:45:22.048,40.916476,40.94401
2024-06-01 11:45:22.560,40.916476,40.94401
2024-06-01 11:45:23.072,40.916476,40.94401
2024-06-01 11:45:23.584,40.916476,40.94401
2024-06-01 11:45:24.096,40.84564,40.94401
2024-06-01 11:45:24.608,40.84564,40.94401
2024-06-01 11:45:25.120,40.84564,40.94401
2024-06-01 11:45:25.632,40.84564,40.94401
2024-06-01 11:45:26.144,40.84564,40.9414
2024-06-01 11:45:26.656,40.84564,40.940857
2024-06-01 11:45:27.168,40.84564,40.940395
2024-06-01 11:45:27.680,40.84564,40.939957
2024-06-01 11:45:28.192,40.84564,40.95233
2024-06-01 11:45:28.704,40.84564,40.939148
2024-06-01 11:45:29.216,40.84564,40.93785
2024-06-01 11:45:29.728,40.84564,40.953243
2024-06-01 11:45:30.240,40.916476,40.954124
2024-06-01 11:45:30.752,40.916476,40.95594
2024-06-01 11:45:31.264,40.916476,40.957283
2024-06-01 11:45:31.776,40.916476,40.95748
2024-06-01 11:45:32.288,40.84564,40.95613
2024-06-01 11:45:32.800,40.84564,40.948387
2024-06-01 11:45:33.312,40.84564,40.945663
2024-06-01 11:45:33.824,40.84564,40.953587
2024-06-01 11:45:34.336,40.84564,40.955246
2024-06-01 11:45:34.848,40.84564,40.9474
2024-06-01 11:45:35.360,40.84564,40.945503
2024-06-01 11:45:35.872,40.84564,40.951756
2024-06-01 11:45:36.384,40.916476,40.95671
2024-06-01 11:45:36.896,40.916476,40.957077
2024-06-01 11:45:37.408,40.916476,40.952103
2024-06-01 11:45:37.920,40.916476,40.949547
2024-06-01 11:45:38.432,40.916476,40.949333
2024-06-01 11:45:38.944,40.916476,40.948112
2024-06-01 11:45:39.456,40.916476,40.946682
2024-06-01 11:45:39.968,40.916476,40.947784
2024-06-01 11:45:40.480,40.916476,40.947258
2024-06-01 11:45:40.992,40.916476,40.947456
2024-06-01 11:45:41.504,40.916476,40.948315
2024-06-01 11:45:42.016,40.916476,40.94947
2024-06-01 11:45:42.528,40.916476,40.95153
2024-06-01 11:45:43.040,40.916476,40.951565
2024-06-01 11:45:43.552,40.916476,40.95156
2024-06-01 11:45:44.064,40.916476,40.951633
2024-06-01 11:45:44.576,40.84564,40.947025
2024-06-01 11:45:45.088,40.84564,40.939014
2024-06-01 11:45:45.600,40.84564,40.93725
2024-06-01 11:45:46.112,40.84564,40.943634
2024-06-01 11:45:46.624,40.84564,40.946228
2024-06-01 11:45:47.136,40.84564,40.945976
2024-06-01 11:45:47.648,40.84564,40.945602
2024-06-01 11:45:48.160,40.84564,40.94014
2024-06-01 11:45:48.672,40.916476,40.938797
2024-06-01 11:45:49.184,40.916476,40.943203
2024-06-01 11:45:49.696,40.916476,40.943623
2024-06-01 11:45:50.208,40.916476,40.945457
2024-06-01 11:45:50.720,40.916476,40.954346
2024-06-01 11:45:51.232,40.916476,40.955532
2024-06-01 11:45:51.744,40.916476,40.956398
2024-06-01 11:45:52.256,40.916476,40.957203
2024-06-01 11:45:52.768,40.916476,40.955643
2024-06-01 11:45:53.280,40.916476,40.95699
2024-06-01 11:45:53.792,40.916476,40.958385
2024-06-01 11:45:54.304,40.916476,40.95878
2024-06-01 11:45:54.816,40.916476,40.958733
2024-06-01 11:45:55.328,40.916476,40.958164
2024-06-01 11:45:55.840,40.916476,40.957848
2024-06-01 11:45:56.352,40.916476,40.957626
2024-06-01 11:45:56.864,40.916476,40.95985
2024-06-01 11:45:57.376,40.916476,40.96029
2024-06-01 11:45:57.888,40.916476,40.960587
2024-06-01 11:45:58.400,40.916476,40.960876
2024-06-01 11:45:58.912,40.916476,40.963432
2024-06-01 11:45:59.424,40.916476,40.96411
2024-06-01 11:45:59.936,40.916476,40.9647
2024-06-01 11:46:00.448,40.916476,40.965157
2024-06-01 11:46:00.960,40.916476,40.96987
2024-06-01 11:46:01.472,40.916476,40.970688
2024-06-01 11:46:01.984,40.916476,40.97146
2024-06-01 11:46:02.496,40.916476,40.97209
2024-06-01 11:46:03.008,40.916476,40.96605
2024-06-01 11:46:03.520,40.916476,40.96557
2024-06-01 11:46:04.032,40.916476,40.965378
2024-06-01 11:46:04.544,40.916476,40.965027
2024-06-01 11:46:05.056,40.916476,40.962074
2024-06-01 11:46:05.568,40.916476,40.9606
2024-06-01 11:46:06.080,40.916476,40.95951
2024-06-01 11:46:06.592,40.916476,40.958687
2024-06-01 11:46:07.104,40.916476,40.960526
2024-06-01 11:46:07.616,40.916476,40.96081
2024-06-01 11:46:08.128,40.916476,40.960793
2024-06-01 11:46:08.640,40.916476,40.96086
2024-06-01 11:46:09.152,40.916476,40.96109
2024-06-01 11:46:09.664,40.916476,40.961502
2024-06-01 11:46:10.176,40.916476,40.95591
2024-06-01 11:46:10.688,40.916476,40.952385
2024-06-01 11:46:11.200,40.916476,40.951042
2024-06-01 11:46:11.712,40.916476,40.949764
2024-06-01 11:46:12.224,40.916476,40.94851
2024-06-01 11:46:12.736,40.916476,40.947395
2024-06-01 11:46:13.248,40.916476,40.946827
2024-06-01 11:46:13.760,40.916476,40.946743
2024-06-01 11:46:14.272,40.916476,40.946815
2024-06-01 11:46:14.784,40.916476,40.9471
2024-06-01 11:46:15.296,40.916476,40.9471
2024-06-01 11:46:15.808,40.916476,40.9471
2024-06-01 11:46:16.320,40.916476,40.9471
2024-06-01 11:46:16.832,40.916476,40.9471
2024-06-01 11:46:17.344,40.916476,40.949337
2024-06-01 11:46:17.856,40.916476,40.94242
2024-06-01 11:46:18.368,40.916476,40.941517
2024-06-01 11:46:18.880,40.916476,40.948524
2024-06-01 11:46:19.392,40.916476,40.94955
2024-06-01 11:46:19.904,40.916476,40.950012
2024-06-01 11:46:20.416,40.916476,40.950436
2024-06-01 11:46:20.928,40.916476,40.950615
2024-06-01 11:46:21.440,40.84564,40.952763
2024-06-01 11:46:21.952,40.84564,40.952866
2024-06-01 11:46:22.464,40.84564,40.952843
2024-06-01 11:46:22.976,40.84564,40.953606
2024-06-01 11:46:23.488,40.916476,41.004723
2024-06-01 11:46:24.000,40.916476,41.016014
2024-06-01 11:46:24.512,40.916476,41.01746
2024-06-01 11:46:25.024,40.916476,41.017605
2024-06-01 11:46:25.536,40.916476,41.018726
2024-06-01 11:46:26.048,40.916476,41.017025
2024-06-01 11:46:26.560,40.916476,40.984123
2024-06-01 11:46:27.072,40.916476,40.704548
2024-06-01 11:46:27.584,40.916476,40.938442
2024-06-01 11:46:28.096,40.916476,40.915592
2024-06-01 11:46:28.608,40.916476,40.914375
2024-06-01 11:46:29.120,40.916476,40.912956
2024-06-01 11:46:29.632,40.916476,40.903843
2024-06-01 11:46:30.144,40.916476,40.902912
2024-06-01 11:46:30.656,40.916476,40.903305
2024-06-01 11:46:31.168,40.916476,40.90363
2024-06-01 11:46:31.680,40.916476,40.906273
2024-06-01 11:46:32.192,40.916476,40.90567
2024-06-01 11:46:32.704,40.916476,40.90656
2024-06-01 11:46:33.216,40.916476,40.907608
2024-06-01 11:46:33.728,40.916476,40.909042
2024-06-01 11:46:34.240,40.916476,40.911057
2024-06-01 11:46:34.752,40.916476,40.910652
2024-06-01 11:46:35.264,40.916476,40.91017
2024-06-01 11:46:35.776,40.916476,40.906967
2024-06-01 11:46:36.288,40.916476,40.906395
2024-06-01 11:46:36.800,40.916476,40.90677
2024-06-01 11:46:37.312,40.916476,40.907173
2024-06-01 11:46:37.824,40.916476,40.912727
2024-06-01 11:46:38.336,40.916476,40.91265
2024-06-01 11:46:38.848,40.916476,40.912292
2024-06-01 11:46:39.360,40.916476,40.911945
2024-06-01 11:46:39.872,40.916476,40.909176
2024-06-01 11:46:40.384,40.916476,40.909428
2024-06-01 11:46:40.896,40.916476,40.90898
2024-06-01 11:46:41.408,40.916476,40.9084
2024-06-01 11:46:41.920,40.916476,40.91252
2024-06-01 11:46:42.432,40.916476,40.910583
2024-06-01 11:46:42.944,40.916476,40.92102
2024-06-01 11:46:43.456,40.916476,40.92385
2024-06-01 11:46:43.968,40.916476,40.92073
2024-06-01 11:46:44.480,40.916476,40.92302
2024-06-01 11:46:44.992,40.916476,40.924488
2024-06-01 11:46:45.504,40.916476,40.92559
2024-06-01 11:46:46.016,40.916476,40.923584
2024-06-01 11:46:46.528,40.916476,40.923782
2024-06-01 11:46:47.040,40.916476,40.9254
2024-06-01 11:46:47.552,40.916476,40.92676
2024-06-01 11:46:48.063,40.916476,40.928097
2024-06-01 11:46:48.575,40.916476,40.9297
2024-06-01 11:46:49.087,40.916476,40.930008
2024-06-01 11:46:49.599,40.916476,40.93036
2024-06-01 11:46:50.111,40.916476,40.933434
2024-06-01 11:46:50.623,40.916476,40.933914
2024-06-01 11:46:51.135,40.916476,40.933647
2024-06-01 11:46:51.647,40.916476,40.933353
2024-06-01 11:46:52.159,40.916476,40.938103
2024-06-01 11:46:52.671,40.916476,40.937412
2024-06-01 11:46:53.183,40.916476,40.936462
2024-06-01 11:46:53.695,40.916476,40.935333
2024-06-01 11:46:54.207,40.916476,40.923923
2024-06-01 11:46:54.719,40.916476,40.92327
2024-06-01 11:46:55.231,40.916476,40.92386
2024-06-01 11:46:55.743,40.916476,40.92444
2024-06-01 11:46:56.255,40.916476,40.92749
2024-06-01 11:46:56.767,40.916476,40.927437
2024-06-01 11:46:57.279,40.916476,40.928436
2024-06-01 11:46:57.791,40.916476,40.929558
2024-06-01 11:46:58.303,40.916476,40.931053
2024-06-01 11:46:58.815,40.916476,40.933098
2024-06-01 11:46:59.327,40.916476,40.93282
2024-06-01 11:46:59.839,40.916476,40.932484
2024-06-01 11:47:00.351,40.916476,40.939796
2024-06-01 11:47:00.863,40.916476,40.938713
2024-06-01 11:47:01.375,40.916476,40.937847
2024-06-01 11:47:01.887,40.916476,40.93684
2024-06-01 11:47:02.399,40.916476,40.93325
2024-06-01 11:47:02.911,40.916476,40.93235
2024-06-01 11:47:03.423,40.916476,40.931602
2024-06-01 11:47:03.935,40.916476,40.930695
2024-06-01 11:47:04.447,40.916476,40.924385
2024-06-01 11:47:04.959,40.916476,40.923035
2024-06-01 11:47:05.471,40.916476,40.92412
2024-06-01 11:47:05.983,40.916476,40.92527
2024-06-01 11:47:06.495,40.916476,40.923935
2024-06-01 11:47:07.007,40.916476,40.92545
2024-06-01 11:47:07.519,40.916476,40.926357
2024-06-01 11:47:08.031,40.916476,40.927345
2024-06-01 11:47:08.543,40.916476,40.933826
2024-06-01 11:47:09.055,40.916476,40.935066
2024-06-01 11:47:09.567,40.916476,40.934868
2024-06-01 11:47:10.079,40.916476,40.934647
2024-06-01 11:47:10.591,40.916476,40.93707
2024-06-01 11:47:11.103,40.916476,40.93693
2024-06-01 11:47:11.615,40.916476,40.936035
2024-06-01 11:47:12.127,40.916476,40.93495
2024-06-01 11:47:12.639,40.916476,40.93355
2024-06-01 11:47:13.151,40.916476,40.931732
2024-06-01 11:47:13.663,40.916476,40.931374
2024-06-01 11:47:14.175,40.916476,40.93095
2024-06-01 11:47:14.687,40.916476,40.92537
2024-06-01 11:47:15.199,40.916476,40.925087
2024-06-01 11:47:15.711,40.916476,40.925755
2024-06-01 11:47:16.223,40.916476,40.926464
2024-06-01 11:47:16.735,40.916476,40.927197
2024-06-01 11:47:17.247,40.916476,40.927902
2024-06-01 11:47:17.759,40.916476,40.92855
2024-06-01 11:47:18.271,40.916476,40.929283
2024-06-01 11:47:18.783,40.916476,40.93282
2024-06-01 11:47:19.295,40.916476,40.933914
2024-06-01 11:47:19.807,40.916476,40.933647
2024-06-01 11:47:20.319,40.916476,40.933353
2024-06-01 11:47:20.831,40.916476,40.935585
2024-06-01 11:47:21.343,40.916476,40.93508
2024-06-01 11:47:21.855,40.916476,40.934456
2024-06-01 11:47:22.367,40.916476,40.933723
2024-06-01 11:47:22.879,40.916476,40.93283
2024-06-01 11:47:23.391,40.916476,40.931732
2024-06-01 11:47:23.903,40.916476,40.931374
2024-06-01 11:47:24.415,40.916476,40.93095
2024-06-01 11:47:24.927,40.916476,40.92537
2024-06-01 11:47:25.439,40.916476,40.925087
2024-06-01 11:47:25.951,40.916476,40.925755
2024-06-01 11:47:26.463,40.916476,40.926468
2024-06-01 11:47:26.975,40.916476,40.929764
2024-06-01 11:47:27.487,40.916476,40.930298
2024-06-01 11:47:27.999,40.916476,40.930656
2024-06-01 11:47:28.511,40.916476,40.93109
2024-06-01 11:47:29.023,40.916476,40.93173
2024-06-01 11:47:29.535,40.916476,40.932693
2024-06-01 11:47:30.047,40.916476,40.932377
2024-06-01 11:47:30.559,40.916476,40.932
2024-06-01 11:47:31.071,40.916476,40.928917
2024-06-01 11:47:31.583,40.916476,40.92842
2024-06-01 11:47:32.095,40.916476,40.92871
2024-06-01 11:47:32.607,40.916476,40.92903
2024-06-01 11:47:33.119,40.916476,40.934517
2024-06-01 11:47:33.631,40.916476,40.934525
2024-06-01 11:47:34.143,40.916476,40.934258
2024-06-01 11:47:34.655,40.916476,40.93398
2024-06-01 11:47:35.167,40.916476,40.928665
2024-06-01 11:47:35.679,40.916476,40.928993
2024-06-01 11:47:36.191,40.916476,40.928925
2024-06-01 11:47:36.703,40.916476,40.928818
2024-06-01 11:47:37.215,40.916476,40.933647
2024-06-01 11:47:37.727,40.916476,40.932632
2024-06-01 11:47:38.239,40.916476,40.932686
2024-06-01 11:47:38.751,40.916476,40.932785
2024-06-01 11:47:39.263,40.916476,40.92539
2024-06-01 11:47:39.775,40.916476,40.92653
2024-06-01 11:47:40.287,40.916476,40.926735
2024-06-01 11:47:40.799,40.916476,40.92692
2024-06-01 11:47:41.311,40.916476,40.92696
2024-06-01 11:47:41.823,40.916476,40.9267
2024-06-01 11:47:42.335,40.916476,40.927597
2024-06-01 11:47:42.847,40.916476,40.9286
2024-06-01 11:47:43.359,40.916476,40.937794
2024-06-01 11:47:43.871,40.916476,40.939194
2024-06-01 11:47:44.383,40.916476,40.938484
2024-06-01 11:47:44.895,40.916476,40.937637
2024-06-01 11:47:45.407,40.916476,40.934116
2024-06-01 11:47:45.919,40.916476,40.9333
2024-06-01 11:47:46.431,40.916476,40.932632
2024-06-01 11:47:46.943,40.916476,40.9318
2024-06-01 11:47:47.455,40.916476,40.928047
2024-06-01 11:47:47.967,40.916476,40.926537
2024-06-01 11:47:48.479,40.916476,40.92719
2024-06-01 11:47:48.991,40.916476,40.927902
2024-06-01 11:47:49.503,40.916476,40.9261
2024-06-01 11:47:50.015,40.916476,40.9272
2024-06-01 11:47:50.527,40.916476,40.92775
2024-06-01 11:47:51.039,40.916476,40.928375
2024-06-01 11:47:51.551,40.916476,40.931778
2024-06-01 11:47:52.063,40.916476,40.93254
2024-06-01 11:47:52.575,40.916476,40.932587
2024-06-01 11:47:53.087,40.916476,40.93265
2024-06-01 11:47:53.599,40.916476,40.935432
2024-06-01 11:47:54.111,40.916476,40.935623
2024-06-01 11:47:54.623,40.916476,40.935097
2024-06-01 11:47:55.135,40.916476,40.934464
2024-06-01 11:47:55.647,40.916476,40.93107
2024-06-01 11:47:56.159,40.916476,40.930244
2024-06-01 11:47:56.671,40.916476,40.930214
2024-06-01 11:47:57.183,40.916476,40.93015
2024-06-01 11:47:57.695,40.916476,40.930004
2024-06-01 11:47:58.207,40.916476,40.9297
2024-06-01 11:47:58.719,40.916476,40.930008
2024-06-01 11:47:59.231,40.916476,40.93036
2024-06-01 11:47:59.743,40.916476,40.930824
2024-06-01 11:48:00.255,40.916476,40.931427
2024-06-01 11:48:00.767,40.916476,40.931427
2024-06-01 11:48:01.279,40.916476,40.931427
2024-06-01 11:48:01.791,40.916476,40.931427
2024-06-01 11:48:02.303,40.916476,40.931427
2024-06-01 11:48:02.815,40.916476,40.931427
2024-06-01 11:48:03.327,40.916476,40.931427
2024-06-01 11:48:03.839,40.916476,40.93663
2024-06-01 11:48:04.351,40.916476,40.936344
2024-06-01 11:48:04.863,40.916476,40.93579
2024-06-01 11:48:05.375,40.916476,40.935158
2024-06-01 11:48:05.887,40.916476,40.929337
2024-06-01 11:48:06.399,40.916476,40.928993
2024-06-01 11:48:06.911,40.916476,40.928925
2024-06-01 11:48:07.423,40.916476,40.928818
2024-06-01 11:48:07.935,40.916476,40.925896
2024-06-01 11:48:08.447,40.916476,40.92545
2024-06-01 11:48:08.959,40.916476,40.926357
2024-06-01 11:48:09.471,40.916476,40.927345
2024-06-01 11:48:09.983,40.916476,40.928535
2024-06-01 11:48:10.495,40.916476,40.929962
2024-06-01 11:48:11.007,40.916476,40.930233
2024-06-01 11:48:11.519,40.916476,40.930546
2024-06-01 11:48:12.031,40.916476,40.930954
2024-06-01 11:48:12.543,40.916476,40.931503
2024-06-01 11:48:13.055,40.916476,40.931503
2024-06-01 11:48:13.567,40.916476,40.931503
2024-06-01 11:48:14.079,40.916476,40.934196
2024-06-01 11:48:14.591,40.916476,40.934128
2024-06-01 11:48:15.103,40.916476,40.933907
2024-06-01 11:48:15.615,40.916476,40.93366
2024-06-01 11:48:16.127,40.916476,40.9307
2024-06-01 11:48:16.639,40.916476,40.93051
2024-06-01 11:48:17.151,40.916476,40.930458
2024-06-01 11:48:17.663,40.916476,40.93039
2024-06-01 11:48:18.175,40.916476,40.93293
2024-06-01 11:48:18.687,40.916476,40.93254
2024-06-01 11:48:19.199,40.916476,40.932587
2024-06-01 11:48:19.711,40.916476,40.93265
2024-06-01 11:48:20.223,40.916476,40.930122
2024-06-01 11:48:20.734,40.916476,40.93051
2024-06-01 11:48:21.246,40.916476,40.936127
2024-06-01 11:48:21.758,40.916476,40.937572
2024-06-01 11:48:22.270,40.916476,40.94355
2024-06-01 11:48:22.782,40.916476,40.943787
2024-06-01 11:48:23.294,40.916476,40.944225
2024-06-01 11:48:23.806,40.916476,40.94454
2024-06-01 11:48:24.318,40.916476,40.949863
2024-06-01 11:48:24.830,40.916476,40.949886
2024-06-01 11:48:25.342,40.916476,40.94908
2024-06-01 11:48:25.854,40.916476,40.94794
2024-06-01 11:48:26.366,40.916476,40.941322
2024-06-01 11:48:26.878,40.916476,40.939686
2024-06-01 11:48:27.390,40.916476,40.93964
2024-06-01 11:48:27.902,40.916476,40.939556
2024-06-01 11:48:28.414,40.916476,40.94428
2024-06-01 11:48:28.926,40.916476,40.943275
2024-06-01 11:48:29.438,40.916476,40.943306
2024-06-01 11:48:29.950,40.916476,40.94337
2024-06-01 11:48:30.462,40.916476,40.943634
2024-06-01 11:48:30.974,40.916476,40.944256
2024-06-01 11:48:31.486,40.916476,40.943573
2024-06-01 11:48:31.998,40.916476,40.942772
2024-06-01 11:48:32.510,40.916476,40.93928
2024-06-01 11:48:33.022,40.916476,40.938087
2024-06-01 11:48:33.534,40.916476,40.938446
2024-06-01 11:48:34.046,40.916476,40.938824
2024-06-01 11:48:34.558,40.916476,40.94165
2024-06-01 11:48:35.070,40.916476,40.941803
2024-06-01 11:48:35.582,40.916476,40.94181
2024-06-01 11:48:36.094,40.916476,40.94184
2024-06-01 11:48:36.606,40.916476,40.939537
2024-06-01 11:48:37.118,40.916476,40.94008
2024-06-01 11:48:37.630,40.916476,40.94006
2024-06-01 11:48:38.142,40.916476,40.940025
2024-06-01 11:48:38.654,40.84564,40.9399
2024-06-01 11:48:39.166,40.84564,40.939598
2024-06-01 11:48:39.678,40.84564,40.93995
2024-06-01 11:48:40.190,40.84564,40.93525
2024-06-01 11:48:40.702,40.84564,40.937
2024-06-01 11:48:41.214,40.84564,40.941444
2024-06-01 11:48:41.726,40.84564,40.941307
2024-06-01 11:48:42.238,40.84564,40.941116
2024-06-01 11:48:42.750,40.916476,40.943306
2024-06-01 11:48:43.262,40.916476,40.94294
2024-06-01 11:48:43.774,40.916476,40.94259
2024-06-01 11:48:44.286,40.916476,40.942078
2024-06-01 11:48:44.798,40.84564,40.941185
2024-06-01 11:48:45.310,40.84564,40.940323
2024-06-01 11:48:45.822,40.84564,40.94027
2024-06-01 11:48:46.334,40.84564,40.93982
2024-06-01 11:48:46.846,40.84564,40.934525
2024-06-01 11:48:47.358,40.84564,40.934357
2024-06-01 11:48:47.870,40.84564,40.935158
2024-06-01 11:48:48.382,40.84564,40.93599
2024-06-01 11:48:48.894,40.84564,40.93924
2024-06-01 11:48:49.406,40.84564,40.9398
2024-06-01 11:48:49.918,40.84564,40.94018
2024-06-01 11:48:50.430,40.84564,40.940624
2024-06-01 11:48:50.942,40.84564,40.94366
2024-06-01 11:48:51.454,40.84564,40.944435
2024-06-01 11:48:51.966,40.84564,40.943703
2024-06-01 11:48:52.478,40.84564,40.94288
2024-06-01 11:48:52.990,40.84564,40.93713
2024-06-01 11:48:53.502,40.84564,40.93651
2024-06-01 11:48:54.014,40.84564,40.936882
2024-06-01 11:48:54.526,40.84564,40.937252
2024-06-01 11:48:55.038,40.84564,40.9326
2024-06-01 11:48:55.550,40.84564,40.93315
2024-06-01 11:48:56.062,40.84564,40.934498
2024-06-01 11:48:56.574,40.84564,40.935898
2024-06-01 11:48:57.086,40.84564,40.93748
2024-06-01 11:48:57.598,40.84564,40.93926
2024-06-01 11:48:58.110,40.84564,40.939827
2024-06-01 11:48:58.622,40.84564,40.92778
2024-06-01 11:48:59.134,40.774804,40.925888
2024-06-01 11:48:59.646,40.774804,40.90609
2024-06-01 11:49:00.158,40.774804,40.89973
2024-06-01 11:49:00.670,40.774804,40.876923
2024-06-01 11:49:01.182,40.703968,40.86467
2024-06-01 11:49:01.694,40.703968,40.841084
2024-06-01 11:49:02.206,40.703968,40.829544
2024-06-01 11:49:02.718,40.703968,40.79709
2024-06-01 11:49:03.230,40.633132,40.779663
2024-06-01 11:49:03.742,40.633132,40.75807
2024-06-01 11:49:04.254,40.633132,40.745453
2024-06-01 11:49:04.766,40.633132,40.736107
2024-06-01 11:49:05.278,40.633132,40.731323
2024-06-01 11:49:05.790,40.633132,40.726868
2024-06-01 11:49:06.302,40.633132,40.722515
2024-06-01 11:49:06.814,40.633132,40.723995
2024-06-01 11:49:07.326,40.633132,40.723053
2024-06-01 11:49:07.838,40.633132,40.729424
2024-06-01 11:49:08.350,40.633132,40.73159
2024-06-01 11:49:08.862,40.633132,40.73654
2024-06-01 11:49:09.374,40.633132,40.738472
2024-06-01 11:49:09.886,40.633132,40.736046
2024-06-01 11:49:10.398,40.633132,40.737736
2024-06-01 11:49:10.910,40.633132,40.742607
2024-06-01 11:49:11.422,40.633132,40.744953
2024-06-01 11:49:11.934,40.633132,40.747543
2024-06-01 11:49:12.446,40.633132,40.74785
2024-06-01 11:49:12.958,40.633132,40.748127
2024-06-01 11:49:13.470,40.633132,40.750557
2024-06-01 11:49:13.982,40.633132,40.75017
2024-06-01 11:49:14.494,40.633132,40.74958
2024-06-01 11:49:15.006,40.633132,40.758717
2024-06-01 11:49:15.518,40.633132,40.76043
2024-06-01 11:49:16.030,40.633132,40.755306
2024-06-01 11:49:16.542,40.633132,40.754925
2024-06-01 11:49:17.054,40.633132,40.75776
2024-06-01 11:49:17.566,40.633132,40.757633
2024-06-01 11:49:18.078,40.633132,40.756508
2024-06-01 11:49:18.590,40.633132,40.756817
2024-06-01 11:49:19.102,40.633132,40.756737
2024-06-01 11:49:19.614,40.703968,40.75666
2024-06-01 11:49:20.126,40.703968,40.757023
2024-06-01 11:49:20.638,40.703968,40.7574
2024-06-01 11:49:21.150,40.703968,40.75746
2024-06-01 11:49:21.662,40.703968,40.7574
2024-06-01 11:49:22.174,40.703968,40.760742
2024-06-01 11:49:22.686,40.703968,40.761665
2024-06-01 11:49:23.198,40.703968,40.765816
2024-06-01 11:49:23.710,40.633132,40.769585
2024-06-01 11:49:24.222,40.633132,40.7637
2024-06-01 11:49:24.734,40.633132,40.762344
2024-06-01 11:49:25.246,40.633132,40.767563
2024-06-01 11:49:25.758,40.633132,40.767784
2024-06-01 11:49:26.270,40.633132,40.767616
2024-06-01 11:49:26.782,40.633132,40.767258
2024-06-01 11:49:27.294,40.633132,40.763504
2024-06-01 11:49:27.806,40.703968,40.7619
2024-06-01 11:49:28.318,40.703968,40.76329
2024-06-01 11:49:28.830,40.703968,40.764084
2024-06-01 11:49:29.342,40.703968,40.764328
2024-06-01 11:49:29.854,40.633132,40.764385
2024-06-01 11:49:30.366,40.633132,40.757965
2024-06-01 11:49:30.878,40.633132,40.756435
2024-06-01 11:49:31.390,40.633132,40.758476
2024-06-01 11:49:31.902,40.633132,40.76201
2024-06-01 11:49:32.414,40.633132,40.769524
2024-06-01 11:49:32.926,40.633132,40.76982
2024-06-01 11:49:33.438,40.633132,40.766857
2024-06-01 11:49:33.950,40.633132,40.76263
2024-06-01 11:49:34.462,40.633132,40.76101
2024-06-01 11:49:34.974,40.633132,40.761845
2024-06-01 11:49:35.486,40.633132,40.761787
2024-06-01 11:49:35.998,40.633132,40.758446
2024-06-01 11:49:36.510,40.633132,40.756516
2024-06-01 11:49:37.022,40.633132,40.75824
2024-06-01 11:49:37.534,40.633132,40.76397
2024-06-01 11:49:38.046,40.633132,40.77027
2024-06-01 11:49:38.558,40.633132,40.77143
2024-06-01 11:49:39.070,40.633132,40.77124
2024-06-01 11:49:39.582,40.633132,40.77444
2024-06-01 11:49:40.094,40.633132,40.773506
2024-06-01 11:49:40.606,40.633132,40.77907
2024-06-01 11:49:41.118,40.633132,40.780453
2024-06-01 11:49:41.630,40.633132,40.775032
2024-06-01 11:49:42.142,40.633132,40.776093
2024-06-01 11:49:42.654,40.633132,40.77715
2024-06-01 11:49:43.166,40.633132,40.77736
2024-06-01 11:49:43.678,40.633132,40.777306
2024-06-01 11:49:44.190,40.633132,40.77533
2024-06-01 11:49:44.702,40.633132,40.7703
2024-06-01 11:49:45.214,40.633132,40.76863
2024-06-01 11:49:45.726,40.633132,40.773857
2024-06-01 11:49:46.238,40.633132,40.771965
2024-06-01 11:49:46.750,40.633132,40.77543
2024-06-01 11:49:47.262,40.633132,40.77828
2024-06-01 11:49:47.774,40.633132,40.78135
2024-06-01 11:49:48.286,40.633132,40.784805
2024-06-01 11:49:48.798,40.633132,40.78861
2024-06-01 11:49:49.310,40.633132,40.79044
2024-06-01 11:49:49.822,40.633132,40.788643
2024-06-01 11:49:50.334,40.633132,40.789154
2024-06-01 11:49:50.846,40.633132,40.78685
2024-06-01 11:49:51.358,40.633132,40.78534
2024-06-01 11:49:51.870,40.633132,40.79039
2024-06-01 11:49:52.382,40.633132,40.79303
2024-06-01 11:49:52.893,40.633132,40.78636
2024-06-01 11:49:53.405,40.633132,40.78447
2024-06-01 11:49:53.917,40.633132,40.789364
2024-06-01 11:49:54.429,40.633132,40.785248
2024-06-01 11:49:54.941,40.633132,40.780342
2024-06-01 11:49:55.453,40.633132,40.780277
2024-06-01 11:49:55.965,40.633132,40.786575
2024-06-01 11:49:56.477,40.633132,40.79023
2024-06-01 11:49:56.989,40.633132,40.790432
2024-06-01 11:49:57.501,40.633132,40.791862
2024-06-01 11:49:58.013,40.633132,40.79329
2024-06-01 11:49:58.525,40.633132,40.795322
2024-06-01 11:49:59.037,40.633132,40.795143
2024-06-01 11:49:59.549,40.633132,40.794136
2024-06-01 11:50:00.061,40.633132,40.795937
2024-06-01 11:50:00.573,40.633132,40.799473
2024-06-01 11:50:01.085,40.633132,40.790253
2024-06-01 11:50:01.597,40.633132,40.7871
2024-06-01 11:50:02.109,40.633132,40.790543
2024-06-01 11:50:02.621,40.633132,40.789417
2024-06-01 11:50:03.133,40.633132,40.78509
2024-06-01 11:50:03.645,40.633132,40.78315
2024-06-01 11:50:04.157,40.633132,40.781006
2024-06-01 11:50:04.669,40.633132,40.776268
2024-06-01 11:50:05.181,40.633132,40.77352
2024-06-01 11:50:05.693,40.633132,40.77439
2024-06-01 11:50:06.205,40.633132,40.78153
2024-06-01 11:50:06.717,40.633132,40.78396
2024-06-01 11:50:07.229,40.633132,40.77987
2024-06-01 11:50:07.741,40.633132,40.78041
2024-06-01 11:50:08.253,40.633132,40.781113
2024-06-01 11:50:08.765,40.633132,40.77987
2024-06-01 11:50:09.277,40.633132,40.785038
2024-06-01 11:50:09.789,40.633132,40.786053
2024-06-01 11:50:10.301,40.633132,40.786938
2024-06-01 11:50:10.813,40.633132,40.79019
2024-06-01 11:50:11.325,40.633132,40.787582
2024-06-01 11:50:11.837,40.633132,40.787254
2024-06-01 11:50:12.349,40.633132,40.796562
2024-06-01 11:50:12.861,40.633132,40.798965
2024-06-01 11:50:13.373,40.633132,40.791927
2024-06-01 11:50:13.885,40.633132,40.790222
2024-06-01 11:50:14.397,40.633132,40.676888
2024-06-01 11:50:14.909,39.995607,40.720955
2024-06-01 11:50:15.421,39.995607,40.34964
2024-06-01 11:50:15.933,39.995607,40.244053
2024-06-01 11:50:16.445,39.995607,40.220848
2024-06-01 11:50:16.957,39.995607,40.23787
2024-06-01 11:50:17.469,39.995607,40.13768
2024-06-01 11:50:17.981,39.995607,40.054146
2024-06-01 11:50:18.493,39.995607,39.913795
2024-06-01 11:50:19.005,39.995607,39.792645
2024-06-01 11:50:19.517,39.995607,39.767918
2024-06-01 11:50:20.029,39.995607,39.705963
2024-06-01 11:50:20.541,39.995607,39.72264
2024-06-01 11:50:21.053,39.995607,39.77661
2024-06-01 11:50:21.565,39.995607,39.82444
2024-06-01 11:50:22.077,39.995607,39.810303
2024-06-01 11:50:22.589,39.995607,39.844006
2024-06-01 11:50:23.101,39.995607,39.845028
2024-06-01 11:50:23.613,39.995607,39.84117
2024-06-01 11:50:24.125,39.995607,39.844482
2024-06-01 11:50:24.637,39.995607,39.837337
2024-06-01 11:50:25.149,39.995607,39.837845
2024-06-01 11:50:25.661,39.995607,39.8479
2024-06-01 11:50:26.173,39.995607,39.8556
2024-06-01 11:50:26.685,39.995607,39.909683
2024-06-01 11:50:27.197,39.995607,39.937233
2024-06-01 11:50:27.709,39.995607,39.908207
2024-06-01 11:50:28.221,39.995607,39.900238
2024-06-01 11:50:28.733,39.995607,39.96904
2024-06-01 11:50:29.245,39.924771,39.979973
2024-06-01 11:50:29.757,39.924771,39.962837
2024-06-01 11:50:30.269,39.924771,39.971363
2024-06-01 11:50:30.781,39.924771,39.897408
2024-06-01 11:50:31.293,39.924771,39.887184
2024-06-01 11:50:31.805,39.924771,39.87999
2024-06-01 11:50:32.317,39.924771,39.854042
2024-06-01 11:50:32.829,39.924771,39.92705
2024-06-01 11:50:33.341,39.924771,39.928036
2024-06-01 11:50:33.853,39.924771,39.842274
2024-06-01 11:50:34.365,39.924771,39.822247
2024-06-01 11:50:34.877,39.924771,39.87486
2024-06-01 11:50:35.389,39.924771,39.887253
2024-06-01 11:50:35.901,39.924771,39.84404
2024-06-01 11:50:36.413,39.924771,39.82986
2024-06-01 11:50:36.925,39.924771,39.796112
2024-06-01 11:50:37.437,39.924771,39.78017
2024-06-01 11:50:37.949,39.924771,39.800987
2024-06-01 11:50:38.461,39.924771,39.797867
2024-06-01 11:50:38.973,39.924771,39.751816
2024-06-01 11:50:39.485,39.924771,39.738274
2024-06-01 11:50:39.997,39.924771,39.729084
2024-06-01 11:50:40.509,39.924771,39.72377
2024-06-01 11:50:41.021,39.924771,39.84978
2024-06-01 11:50:41.533,39.924771,39.894104
2024-06-01 11:50:42.045,39.924771,39.76882
2024-06-01 11:50:42.557,39.924771,39.74202
2024-06-01 11:50:43.069,39.924771,39.810623
2024-06-01 11:50:43.581,39.924771,39.815754
2024-06-01 11:50:44.093,39.924771,39.82155
2024-06-01 11:50:44.605,39.924771,39.824303
2024-06-01 11:50:45.117,39.924771,39.869965
2024-06-01 11:50:45.629,39.924771,39.894245
2024-06-01 11:50:46.141,39.924771,39.82783
2024-06-01 11:50:46.653,39.924771,39.811623
2024-06-01 11:50:47.165,39.924771,39.854984
2024-06-01 11:50:47.677,39.924771,39.8679
2024-06-01 11:50:48.189,39.924771,39.88815
2024-06-01 11:50:48.701,39.924771,39.893295
2024-06-01 11:50:49.213,39.924771,39.869884
2024-06-01 11:50:49.725,39.924771,39.867737
2024-06-01 11:50:50.237,39.924771,39.846405
2024-06-01 11:50:50.749,39.924771,39.836487
2024-06-01 11:50:51.261,39.924771,39.91035
2024-06-01 11:50:51.773,39.924771,39.927868
2024-06-01 11:50:52.285,39.924771,39.86274
2024-06-01 11:50:52.797,39.924771,39.849373
2024-06-01 11:50:53.309,39.924771,39.837433
2024-06-01 11:50:53.821,39.853935,39.824203
2024-06-01 11:50:54.333,39.853935,39.79344
2024-06-01 11:50:54.845,39.853935,39.77852
2024-06-01 11:50:55.357,39.853935,39.77861
2024-06-01 11:50:55.869,39.853935,39.777966
2024-06-01 11:50:56.381,39.853935,39.858253
2024-06-01 11:50:56.893,39.853935,39.880775
2024-06-01 11:50:57.405,39.853935,39.854595
2024-06-01 11:50:57.917,39.924771,39.85839
2024-06-01 11:50:58.429,39.924771,39.853073
2024-06-01 11:50:58.941,39.924771,39.85736
2024-06-01 11:50:59.453,39.924771,39.911255
2024-06-01 11:50:59.965,39.853935,39.929497
2024-06-01 11:51:00.477,39.853935,39.87693
2024-06-01 11:51:00.989,39.853935,39.862217
2024-06-01 11:51:01.501,39.853935,39.876328
2024-06-01 11:51:02.013,39.853935,39.86337
2024-06-01 11:51:02.525,39.853935,39.88275
2024-06-01 11:51:03.037,39.853935,39.88999
2024-06-01 11:51:03.549,39.853935,39.902435
2024-06-01 11:51:04.061,39.853935,39.916786
2024-06-01 11:51:04.573,39.853935,39.846752
2024-06-01 11:51:05.085,39.853935,39.82474
2024-06-01 11:51:05.597,39.853935,39.86519
2024-06-01 11:51:06.109,39.853935,39.87815
2024-06-01 11:51:06.621,39.853935,39.95257
2024-06-01 11:51:07.133,39.853935,39.96792
2024-06-01 11:51:07.645,39.853935,39.96575
2024-06-01 11:51:08.157,39.853935,39.97121
2024-06-01 11:51:08.669,39.853935,39.882076
2024-06-01 11:51:09.181,39.853935,39.85508
2024-06-01 11:51:09.693,39.853935,39.91008
2024-06-01 11:51:10.205,39.853935,39.908245
2024-06-01 11:51:10.717,39.853935,39.929955
2024-06-01 11:51:11.229,39.853935,39.945892
2024-06-01 11:51:11.741,39.853935,39.877472
2024-06-01 11:51:12.253,39.853935,39.871307
2024-06-01 11:51:12.765,39.853935,39.94294
2024-06-01 11:51:13.277,39.853935,39.954845
2024-06-01 11:51:13.789,39.853935,39.920578
2024-06-01 11:51:14.301,39.853935,39.911148
2024-06-01 11:51:14.813,39.853935,39.913704
2024-06-01 11:51:15.325,39.853935,39.914013
2024-06-01 11:51:15.837,39.853935,39.872276
2024-06-01 11:51:16.349,39.853935,39.854538
2024-06-01 11:51:16.861,39.853935,39.80664
2024-06-01 11:51:17.373,39.853935,39.781094
2024-06-01 11:51:17.885,39.853935,39.817455
2024-06-01 11:51:18.397,39.853935,39.818695
2024-06-01 11:51:18.909,39.853935,39.77092
2024-06-01 11:51:19.421,39.853935,39.761215
2024-06-01 11:51:19.933,39.853935,39.800415
2024-06-01 11:51:20.445,39.853935,39.81671
2024-06-01 11:51:20.957,39.853935,39.850254
2024-06-01 11:51:21.469,39.853935,39.857826
2024-06-01 11:51:21.981,39.853935,39.82171
2024-06-01 11:51:22.493,39.783099,39.809456
2024-06-01 11:51:23.005,39.783099,39.814865
2024-06-01 11:51:23.517,39.783099,39.8181
2024-06-01 11:51:24.029,39.783099,39.846825
2024-06-01 11:51:24.541,39.783099,39.86283
2024-06-01 11:51:25.053,39.783099,39.89792
2024-06-01 11:51:25.564,39.783099,39.910706
2024-06-01 11:51:26.076,39.783099,39.801353
2024-06-01 11:51:26.588,39.783099,39.76701
2024-06-01 11:51:27.100,39.783099,39.862244
2024-06-01 11:51:27.612,39.783099,39.881737
2024-06-01 11:51:28.124,39.783099,39.81853
2024-06-01 11:51:28.636,39.783099,39.80441
2024-06-01 11:51:29.148,39.783099,39.878643
2024-06-01 11:51:29.660,39.783099,39.90235
2024-06-01 11:51:30.172,39.783099,39.807148
2024-06-01 11:51:30.684,39.783099,39.77705
2024-06-01 11:51:31.196,39.783099,39.791588
2024-06-01 11:51:31.708,39.783099,39.78748
2024-06-01 11:51:32.220,39.783099,39.828205
2024-06-01 11:51:32.732,39.783099,39.830425
2024-06-01 11:51:33.244,39.783099,39.805145
2024-06-01 11:51:33.756,39.783099,39.807602
2024-06-01 11:51:34.268,39.783099,39.781853
2024-06-01 11:51:34.780,39.783099,39.769768
2024-06-01 11:51:35.292,39.783099,39.78151
2024-06-01 11:51:35.804,39.783099,39.78298
2024-06-01 11:51:36.316,39.783099,39.724026
2024-06-01 11:51:36.828,39.783099,39.704132
2024-06-01 11:51:37.340,39.783099,39.78744
2024-06-01 11:51:37.852,39.783099,39.804977
2024-06-01 11:51:38.364,39.783099,39.73134
2024-06-01 11:51:38.876,39.783099,39.71428
2024-06-01 11:51:39.388,39.783099,39.829044
2024-06-01 11:51:39.900,39.783099,39.873837
2024-06-01 11:51:40.412,39.783099,39.79197
2024-06-01 11:51:40.924,39.783099,39.78499
2024-06-01 11:51:41.436,39.783099,39.864357
2024-06-01 11:51:41.948,39.783099,39.876133
2024-06-01 11:51:42.460,39.783099,39.789394
2024-06-01 11:51:42.972,39.783099,39.74765
2024-06-01 11:51:43.484,39.783099,39.81343
2024-06-01 11:51:43.996,39.783099,39.837772
2024-06-01 11:51:44.508,39.783099,39.809242
2024-06-01 11:51:45.020,39.783099,39.809776
2024-06-01 11:51:45.532,39.783099,39.86538
2024-06-01 11:51:46.044,39.783099,39.882107
2024-06-01 11:51:46.556,39.783099,39.885975
2024-06-01 11:51:47.068,39.783099,39.882854
2024-06-01 11:51:47.580,39.783099,39.814423
2024-06-01 11:51:48.092,39.783099,39.800076
2024-06-01 11:51:48.604,39.783099,39.742428
2024-06-01 11:51:49.116,39.712263,39.71392
2024-06-01 11:51:49.628,39.712263,39.7926
2024-06-01 11:51:50.140,39.712263,39.80217
2024-06-01 11:51:50.652,39.712263,39.72592
2024-06-01 11:51:51.164,39.712263,39.71031
2024-06-01 11:51:51.676,39.712263,39.741535
2024-06-01 11:51:52.188,39.712263,39.748833
2024-06-01 11:51:52.700,39.712263,39.77403
2024-06-01 11:51:53.212,39.783099,39.781746
2024-06-01 11:51:53.724,39.783099,39.77178
2024-06-01 11:51:54.236,39.783099,39.770554
2024-06-01 11:51:54.748,39.783099,39.80632
2024-06-01 11:51:55.260,39.712263,39.813225
2024-06-01 11:51:55.772,39.712263,39.81315
2024-06-01 11:51:56.284,39.712263,39.82427
2024-06-01 11:51:56.796,39.712263,39.87336
2024-06-01 11:51:57.308,39.783099,39.898857
2024-06-01 11:51:57.820,39.783099,39.942123
2024-06-01 11:51:58.332,39.783099,39.963028
2024-06-01 11:51:58.844,39.783099,39.904922
2024-06-01 11:51:59.356,39.712263,39.894966
2024-06-01 11:51:59.868,39.712263,39.897243
2024-06-01 11:52:00.380,39.712263,39.889183
2024-06-01 11:52:00.892,39.712263,39.815
2024-06-01 11:52:01.404,39.712263,39.774635
2024-06-01 11:52:01.916,39.712263,39.762447
2024-06-01 11:52:02.428,39.712263,39.7503
2024-06-01 11:52:02.940,39.712263,39.77887
2024-06-01 11:52:03.452,39.712263,39.787132
2024-06-01 11:52:03.964,39.712263,39.765564
2024-06-01 11:52:04.476,39.712263,39.759075
2024-06-01 11:52:04.988,39.712263,39.786934
2024-06-01 11:52:05.500,39.712263,39.789917
2024-06-01 11:52:06.012,39.712263,39.87291
2024-06-01 11:52:06.524,39.712263,39.91429
2024-06-01 11:52:07.036,39.712263,39.902477
2024-06-01 11:52:07.548,39.712263,39.92315
2024-06-01 11:52:08.060,39.712263,39.8946
2024-06-01 11:52:08.572,39.712263,39.879353
2024-06-01 11:52:09.084,39.712263,39.90603
2024-06-01 11:52:09.596,39.712263,39.89277
2024-06-01 11:52:10.108,39.712263,39.916306
2024-06-01 11:52:10.620,39.712263,39.9309
2024-06-01 11:52:11.132,39.712263,39.945755
2024-06-01 11:52:11.644,39.712263,39.968647
2024-06-01 11:52:12.156,39.712263,39.91101
2024-06-01 11:52:12.668,39.712263,39.88946
2024-06-01 11:52:13.180,39.712263,39.843044
2024-06-01 11:52:13.692,39.712263,39.803402
2024-06-01 11:52:14.204,39.712263,39.78366
2024-06-01 11:52:14.716,39.712263,39.760845
2024-06-01 11:52:15.228,39.712263,39.746742
2024-06-01 11:52:15.740,39.712263,39.74048
2024-06-01 11:52:16.252,39.712263,39.74239
2024-06-01 11:52:16.764,39.712263,39.745438
2024-06-01 11:52:17.276,39.712263,39.83114
2024-06-01 11:52:17.788,39.712263,39.86828
2024-06-01 11:52:18.300,39.712263,39.819733
2024-06-01 11:52:18.812,39.712263,39.819054
2024-06-01 11:52:19.324,39.712263,39.893055
2024-06-01 11:52:19.836,39.712263,39.919807
2024-06-01 11:52:20.348,39.712263,39.841385
2024-06-01 11:52:20.860,39.712263,39.81303
2024-06-01 11:52:21.372,39.712263,39.809296
2024-06-01 11:52:21.884,39.712263,39.78694
2024-06-01 11:52:22.396,39.712263,39.777058
2024-06-01 11:52:22.908,39.712263,39.77263
2024-06-01 11:52:23.420,39.712263,39.850204
2024-06-01 11:52:23.932,39.712263,39.889458
2024-06-01 11:52:24.444,39.712263,39.841663
2024-06-01 11:52:24.956,39.712263,39.832138
2024-06-01 11:52:25.468,39.712263,39.846996
2024-06-01 11:52:25.980,39.641427,39.84442
2024-06-01 11:52:26.492,39.641427,39.75221
2024-06-01 11:52:27.004,39.641427,39.718525
2024-06-01 11:52:27.516,39.641427,39.72992
2024-06-01 11:52:28.028,39.641427,39.721718
2024-06-01 11:52:28.540,39.641427,39.73039
2024-06-01 11:52:29.052,39.641427,39.726067
2024-06-01 11:52:29.564,39.641427,39.80424
2024-06-01 11:52:30.076,39.641427,39.83325
2024-06-01 11:52:30.588,39.641427,39.764038
2024-06-01 11:52:31.100,39.641427,39.752777
2024-06-01 11:52:31.612,39.641427,39.73815
2024-06-01 11:52:32.124,39.641427,39.72477
2024-06-01 11:52:32.636,39.641427,39.694336
2024-06-01 11:52:33.148,39.641427,39.675766
2024-06-01 11:52:33.660,39.641427,39.704422
2024-06-01 11:52:34.172,39.641427,39.716835
2024-06-01 11:52:34.684,39.641427,39.736305
2024-06-01 11:52:35.196,39.641427,39.743874
2024-06-01 11:52:35.708,39.641427,39.774994
2024-06-01 11:52:36.220,39.641427,39.789753
2024-06-01 11:52:36.732,39.641427,39.72035
2024-06-01 11:52:37.244,39.641427,39.699684
2024-06-01 11:52:37.756,39.641427,39.67914
2024-06-01 11:52:38.268,39.641427,39.658173
2024-06-01 11:52:38.780,39.641427,39.63662
2024-06-01 11:52:39.292,39.641427,39.6195
2024-06-01 11:52:39.804,39.641427,39.709045
2024-06-01 11:52:40.316,39.641427,39.745384
2024-06-01 11:52:40.828,39.641427,39.709446
2024-06-01 11:52:41.340,39.641427,39.710724
2024-06-01 11:52:41.852,39.641427,39.698586
2024-06-01 11:52:42.364,39.641427,39.694813
2024-06-01 11:52:42.876,39.641427,39.67556
2024-06-01 11:52:43.388,39.641427,39.660027
2024-06-01 11:52:43.900,39.641427,39.656815
2024-06-01 11:52:44.412,39.641427,39.65016
2024-06-01 11:52:44.924,39.641427,39.63851
2024-06-01 11:52:45.436,39.641427,39.631104
2024-06-01 11:52:45.948,39.641427,39.74446
2024-06-01 11:52:46.460,39.641427,39.781723
2024-06-01 11:52:46.972,39.641427,39.764465
2024-06-01 11:52:47.484,39.641427,39.775887
2024-06-01 11:52:47.996,39.641427,39.791557
2024-06-01 11:52:48.508,39.641427,39.800583
2024-06-01 11:52:49.020,39.641427,39.77117
2024-06-01 11:52:49.532,39.641427,39.762543
2024-06-01 11:52:50.044,39.641427,39.75276
2024-06-01 11:52:50.556,39.641427,39.752884
2024-06-01 11:52:51.068,39.641427,39.810226
2024-06-01 11:52:51.580,39.641427,39.81909
2024-06-01 11:52:52.092,39.641427,39.759567
2024-06-01 11:52:52.604,39.641427,39.7425
2024-06-01 11:52:53.116,39.641427,39.693012
2024-06-01 11:52:53.628,39.641427,39.674644
2024-06-01 11:52:54.140,39.641427,39.755646
2024-06-01 11:52:54.652,39.570591,39.777584
2024-06-01 11:52:55.164,39.570591,39.780685
2024-06-01 11:52:55.676,39.570591,39.785255
2024-06-01 11:52:56.188,39.570591,39.822536
2024-06-01 11:52:56.700,39.641427,39.83638
2024-06-01 11:52:57.212,39.641427,39.777237
2024-06-01 11:52:57.723,39.641427,39.765312
2024-06-01 11:52:58.235,39.641427,39.84697
2024-06-01 11:52:58.747,39.641427,39.873512
2024-06-01 11:52:59.259,39.641427,39.779125
2024-06-01 11:52:59.771,39.641427,39.75238
2024-06-01 11:53:00.283,39.641427,39.828793
2024-06-01 11:53:00.795,39.570591,39.84695
2024-06-01 11:53:01.307,39.570591,39.72354
2024-06-01 11:53:01.819,39.570591,39.678596
2024-06-01 11:53:02.331,39.570591,39.779144
2024-06-01 11:53:02.843,39.570591,39.798103
2024-06-01 11:53:03.355,39.570591,39.69461
2024-06-01 11:53:03.867,39.570591,39.66384
2024-06-01 11:53:04.379,39.570591,39.657898
2024-06-01 11:53:04.891,39.570591,39.653816
2024-06-01 11:53:05.403,39.570591,39.746494
2024-06-01 11:53:05.915,39.570591,39.767445
2024-06-01 11:53:06.427,39.570591,39.742027
2024-06-01 11:53:06.939,39.570591,39.749947
2024-06-01 11:53:07.451,39.570591,39.77896
2024-06-01 11:53:07.963,39.570591,39.791115
2024-06-01 11:53:08.475,39.570591,39.72487
2024-06-01 11:53:08.987,39.570591,39.699963
2024-06-01 11:53:09.499,39.570591,39.709034
2024-06-01 11:53:10.011,39.570591,39.70115
2024-06-01 11:53:10.523,39.570591,39.778687
2024-06-01 11:53:11.035,39.570591,39.803467
2024-06-01 11:53:11.547,39.570591,39.757862
2024-06-01 11:53:12.059,39.570591,39.758537
2024-06-01 11:53:12.571,39.570591,39.715958
2024-06-01 11:53:13.083,39.570591,39.699024
2024-06-01 11:53:13.595,39.570591,39.66281
2024-06-01 11:53:14.107,39.570591,39.633755
2024-06-01 11:53:14.619,39.570591,40.186672
2024-06-01 11:53:15.131,40.137279,40.307606
2024-06-01 11:53:15.643,40.137279,40.46863
2024-06-01 11:53:16.155,40.137279,40.582798
2024-06-01 11:53:16.667,40.137279,40.67456
2024-06-01 11:53:17.179,40.208115,40.73996
2024-06-01 11:53:17.691,40.208115,40.7909
2024-06-01 11:53:18.203,40.208115,40.82411
2024-06-01 11:53:18.715,40.208115,40.873978
2024-06-01 11:53:19.227,40.208115,40.863834
2024-06-01 11:53:19.739,40.208115,40.89176
2024-06-01 11:53:20.251,40.208115,40.89447
2024-06-01 11:53:20.763,40.208115,40.893852
2024-06-01 11:53:21.275,40.208115,40.895214
2024-06-01 11:53:21.787,40.208115,40.896214
2024-06-01 11:53:22.299,40.208115,40.897
2024-06-01 11:53:22.811,40.208115,40.89448
2024-06-01 11:53:23.323,40.208115,40.89365
2024-06-01 11:53:23.835,40.208115,40.885365
2024-06-01 11:53:24.347,40.208115,40.88461
2024-06-01 11:53:24.859,40.208115,40.883953
2024-06-01 11:53:25.371,40.208115,40.886513
2024-06-01 11:53:25.883,40.208115,40.88917
2024-06-01 11:53:26.395,40.208115,40.889275
2024-06-01 11:53:26.907,40.208115,40.89196
2024-06-01 11:53:27.419,40.278951,40.892044
2024-06-01 11:53:27.931,40.278951,40.89486
2024-06-01 11:53:28.443,40.278951,40.89523
2024-06-01 11:53:28.955,40.278951,40.89859
2024-06-01 11:53:29.467,40.278951,40.89315
2024-06-01 11:53:29.979,40.278951,40.893303
2024-06-01 11:53:30.491,40.278951,40.89345
2024-06-01 11:53:31.003,40.278951,40.888332
2024-06-01 11:53:31.515,40.278951,40.891075
2024-06-01 11:53:32.027,40.278951,40.891132
2024-06-01 11:53:32.539,40.278951,40.891037
2024-06-01 11:53:33.051,40.278951,40.89617
2024-06-01 11:53:33.563,40.278951,40.892933
2024-06-01 11:53:34.075,40.278951,40.892216
2024-06-01 11:53:34.587,40.278951,40.89219
2024-06-01 11:53:35.099,40.278951,40.88698
2024-06-01 11:53:35.611,40.278951,40.883392
2024-06-01 11:53:36.123,40.278951,40.885727
2024-06-01 11:53:36.635,40.278951,40.885643
2024-06-01 11:53:37.147,40.278951,40.88557
2024-06-01 11:53:37.659,40.278951,40.894768
2024-06-01 11:53:38.171,40.278951,40.890076
2024-06-01 11:53:38.683,40.278951,40.8898
2024-06-01 11:53:39.195,40.278951,40.88942
2024-06-01 11:53:39.707,40.278951,40.879585
2024-06-01 11:53:40.219,40.278951,40.878258
2024-06-01 11:53:40.731,40.278951,40.87796
2024-06-01 11:53:41.243,40.278951,40.88321
2024-06-01 11:53:41.755,40.278951,40.89038
2024-06-01 11:53:42.267,40.278951,40.89205
2024-06-01 11:53:42.779,40.278951,40.892117
2024-06-01 11:53:43.291,40.278951,40.889496
2024-06-01 11:53:43.803,40.278951,40.89186
2024-06-01 11:53:44.315,40.278951,40.891205
2024-06-01 11:53:44.827,40.278951,40.891792
2024-06-01 11:53:45.339,40.278951,40.892467
2024-06-01 11:53:45.851,40.278951,40.887028
2024-06-01 11:53:46.363,40.278951,40.88157
2024-06-01 11:53:46.875,40.278951,40.880615
2024-06-01 11:53:47.387,40.278951,40.87188
2024-06-01 11:53:47.899,40.278951,40.883186
2024-06-01 11:53:48.411,40.278951,40.886684
2024-06-01 11:53:48.923,40.278951,40.886692
2024-06-01 11:53:49.435,40.278951,40.89469
2024-06-01 11:53:49.947,40.278951,40.88517
2024-06-01 11:53:50.459,40.278951,40.88135
2024-06-01 11:53:50.971,40.278951,40.880905
2024-06-01 11:53:51.483,40.278951,40.88642
2024-06-01 11:53:51.995,40.349788,40.884567
2024-06-01 11:53:52.507,40.349788,40.90513
2024-06-01 11:53:53.019,40.349788,40.90726
2024-06-01 11:53:53.531,40.349788,40.924004
2024-06-01 11:53:54.043,40.420624,40.91922
2024-06-01 11:53:54.555,40.420624,40.935814
2024-06-01 11:53:55.067,40.420624,40.938194
2024-06-01 11:53:55.579,40.420624,40.9402
2024-06-01 11:53:56.091,40.562296,40.935547
2024-06-01 11:53:56.603,40.562296,40.936028
2024-06-01 11:53:57.115,40.562296,40.936974
2024-06-01 11:53:57.627,40.562296,40.93734
2024-06-01 11:53:58.139,40.633132,40.940876
2024-06-01 11:53:58.651,40.633132,40.94081
2024-06-01 11:53:59.163,40.633132,40.941254
2024-06-01 11:53:59.675,40.633132,40.941
2024-06-01 11:54:00.187,40.703968,40.931053
2024-06-01 11:54:00.699,40.703968,40.929012
2024-06-01 11:54:01.211,40.703968,40.928425
2024-06-01 11:54:01.723,40.703968,40.928123
2024-06-01 11:54:02.235,40.84564,40.881516
2024-06-01 11:54:02.747,40.84564,40.867805
2024-06-01 11:54:03.259,40.84564,40.8554
2024-06-01 11:54:03.771,40.84564,40.84291
2024-06-01 11:54:04.283,40.84564,40.828743
2024-06-01 11:54:04.795,40.84564,40.808487
2024-06-01 11:54:05.307,40.84564,40.759804
2024-06-01 11:54:05.819,40.84564,39.748764
2024-06-01 11:54:06.331,40.84564,40.742794
2024-06-01 11:54:06.843,40.84564,40.900993
2024-06-01 11:54:07.355,40.84564,40.900993
2024-06-01 11:54:07.867,40.84564,40.900993
2024-06-01 11:54:08.379,40.84564,40.90402
2024-06-01 11:54:08.891,40.84564,40.904724
2024-06-01 11:54:09.403,40.84564,40.90531
2024-06-01 11:54:09.915,40.84564,40.90583
2024-06-01 11:54:10.427,40.84564,40.906277
2024-06-01 11:54:10.939,40.84564,40.90664
2024-06-01 11:54:11.451,40.84564,40.9069
2024-06-01 11:54:11.963,40.84564,40.906868
2024-06-01 11:54:12.475,40.84564,40.906456
2024-06-01 11:54:12.987,40.84564,40.905716
2024-06-01 11:54:13.499,40.84564,40.905716
2024-06-01 11:54:14.011,40.84564,40.905716
2024-06-01 11:54:14.523,40.84564,40.90869
2024-06-01 11:54:15.035,40.84564,40.90937
2024-06-01 11:54:15.547,40.84564,40.909935
2024-06-01 11:54:16.059,40.84564,40.91043
2024-06-01 11:54:16.571,40.84564,40.904884
2024-06-01 11:54:17.083,40.84564,40.9039
2024-06-01 11:54:17.595,40.84564,40.90298
2024-06-01 11:54:18.107,40.84564,40.90189
2024-06-01 11:54:18.619,40.916476,40.90358
2024-06-01 11:54:19.131,40.916476,40.90274
2024-06-01 11:54:19.643,40.916476,40.902878
2024-06-01 11:54:20.155,40.916476,40.903538
2024-06-01 11:54:20.667,40.916476,40.904846
2024-06-01 11:54:21.179,40.916476,40.90664
2024-06-01 11:54:21.691,40.916476,40.9069
2024-06-01 11:54:22.203,40.916476,40.906868
2024-06-01 11:54:22.715,40.916476,40.91238
2024-06-01 11:54:23.227,40.916476,40.912975
2024-06-01 11:54:23.739,40.916476,40.91409
2024-06-01 11:54:24.251,40.916476,40.91506
2024-06-01 11:54:24.763,40.916476,40.91295
2024-06-01 11:54:25.275,40.916476,40.912975
2024-06-01 11:54:25.787,40.916476,40.912846
2024-06-01 11:54:26.299,40.916476,40.912186
2024-06-01 11:54:26.811,40.916476,40.910805
2024-06-01 11:54:27.323,40.916476,40.90876
2024-06-01 11:54:27.835,40.916476,40.908585
2024-06-01 11:54:28.347,40.916476,40.908726
2024-06-01 11:54:28.859,40.916476,40.912174
2024-06-01 11:54:29.371,40.916476,40.913643
2024-06-01 11:54:29.883,40.916476,40.91419
2024-06-01 11:54:30.394,40.916476,40.914658
2024-06-01 11:54:30.906,40.916476,40.90919
2024-06-01 11:54:31.418,40.916476,40.90823
2024-06-01 11:54:31.930,40.916476,40.907326
2024-06-01 11:54:32.442,40.916476,40.906235
2024-06-01 11:54:32.954,40.916476,40.90489
2024-06-01 11:54:33.466,40.916476,40.903336
2024-06-01 11:54:33.978,40.916476,40.90295
2024-06-01 11:54:34.490,40.916476,40.90319
2024-06-01 11:54:35.002,40.987313,40.90715
2024-06-01 11:54:35.514,40.987313,40.90937
2024-06-01 11:54:36.026,40.987313,40.909935
2024-06-01 11:54:36.538,40.987313,40.91043
2024-06-01 11:54:37.050,40.916476,40.904884
2024-06-01 11:54:37.562,40.916476,40.9039
2024-06-01 11:54:38.074,40.916476,40.90298
2024-06-01 11:54:38.586,40.916476,40.90189
2024-06-01 11:54:39.098,40.916476,40.906563
2024-06-01 11:54:39.610,40.916476,40.906425
2024-06-01 11:54:40.122,40.916476,40.907135
2024-06-01 11:54:40.634,40.916476,40.908306
2024-06-01 11:54:41.146,40.987313,40.915863
2024-06-01 11:54:41.658,40.987313,40.919266
2024-06-01 11:54:42.170,40.987313,40.920784
2024-06-01 11:54:42.682,40.987313,40.92159
2024-06-01 11:54:43.194,40.987313,40.91572
2024-06-01 11:54:43.706,40.987313,40.91352
2024-06-01 11:54:44.218,40.987313,40.912823
2024-06-01 11:54:44.730,40.987313,40.911613
2024-06-01 11:54:45.242,40.987313,40.90973
2024-06-01 11:54:45.754,40.987313,40.907223
2024-06-01 11:54:46.266,40.987313,40.906933
2024-06-01 11:54:46.778,40.987313,40.907288
2024-06-01 11:54:47.290,40.987313,40.911324
2024-06-01 11:54:47.802,40.987313,40.913643
2024-06-01 11:54:48.314,40.987313,40.91419
2024-06-01 11:54:48.826,40.987313,40.914658
2024-06-01 11:54:49.338,40.987313,40.91793
2024-06-01 11:54:49.850,40.987313,40.91887
2024-06-01 11:54:50.362,40.987313,40.91956
2024-06-01 11:54:50.874,40.987313,40.919876
2024-06-01 11:54:51.386,40.987313,40.919724
2024-06-01 11:54:51.898,40.987313,40.919136
2024-06-01 11:54:52.410,40.987313,40.91927
2024-06-01 11:54:52.922,40.987313,40.919083
2024-06-01 11:54:53.434,40.987313,40.912735
2024-06-01 11:54:53.946,40.987313,40.910538
2024-06-01 11:54:54.458,40.987313,40.90854
2024-06-01 11:54:54.970,40.987313,40.90526
2024-06-01 11:54:55.482,40.987313,40.906395
2024-06-01 11:54:55.994,40.987313,40.905586
2024-06-01 11:54:56.506,40.987313,40.90517
2024-06-01 11:54:57.018,40.987313,40.905735
2024-06-01 11:54:57.530,40.987313,40.907593
2024-06-01 11:54:58.042,40.987313,40.91076
2024-06-01 11:54:58.554,40.987313,40.91316
2024-06-01 11:54:59.066,40.987313,40.915962
2024-06-01 11:54:59.578,40.987313,40.91863
2024-06-01 11:55:00.090,40.987313,40.918747
2024-06-01 11:55:00.602,40.987313,40.919327
2024-06-01 11:55:01.114,40.987313,40.919838
2024-06-01 11:55:01.626,40.916476,40.91442
2024-06-01 11:55:02.138,40.916476,40.913483
2024-06-01 11:55:02.650,40.916476,40.912632
2024-06-01 11:55:03.162,40.916476,40.91163
2024-06-01 11:55:03.674,40.916476,40.91337
2024-06-01 11:55:04.186,40.916476,40.91263
2024-06-01 11:55:04.698,40.916476,40.91261
2024-06-01 11:55:05.210,40.916476,40.913048
2024-06-01 11:55:05.722,40.916476,40.911106
2024-06-01 11:55:06.234,40.916476,40.91191
2024-06-01 11:55:06.746,40.916476,40.911644
2024-06-01 11:55:07.258,40.916476,40.911186
2024-06-01 11:55:07.770,40.987313,40.91046
2024-06-01 11:55:08.282,40.987313,40.909466
2024-06-01 11:55:08.794,40.987313,40.909134
2024-06-01 11:55:09.306,40.987313,40.909065
2024-06-01 11:55:09.818,40.987313,40.918163
2024-06-01 11:55:10.330,40.987313,40.920765
2024-06-01 11:55:10.842,40.987313,40.9225
2024-06-01 11:55:11.354,40.987313,40.92404
2024-06-01 11:55:11.866,40.987313,40.919586
2024-06-01 11:55:12.378,40.987313,40.919456
2024-06-01 11:55:12.890,40.987313,40.919254
2024-06-01 11:55:13.402,40.987313,40.91842
2024-06-01 11:55:13.914,40.987313,40.91664
2024-06-01 11:55:14.426,40.987313,40.913956
2024-06-01 11:55:14.938,40.987313,40.91339
2024-06-01 11:55:15.450,40.987313,40.91336
2024-06-01 11:55:15.962,40.987313,40.91103
2024-06-01 11:55:16.474,40.987313,40.9115
2024-06-01 11:55:16.986,40.987313,40.910904
2024-06-01 11:55:17.498,40.987313,40.91037
2024-06-01 11:55:18.010,40.987313,40.912872
2024-06-01 11:55:18.522,40.987313,40.913143
2024-06-01 11:55:19.034,40.987313,40.91342
2024-06-01 11:55:19.546,40.987313,40.913887
2024-06-01 11:55:20.058,40.987313,40.91755
2024-06-01 11:55:20.570,40.987313,40.91917
2024-06-01 11:55:21.082,40.987313,40.920063
2024-06-01 11:55:21.594,40.987313,40.920647
2024-06-01 11:55:22.106,40.916476,40.923714
2024-06-01 11:55:22.618,40.916476,40.924206
2024-06-01 11:55:23.130,40.916476,40.92504
2024-06-01 11:55:23.642,40.916476,40.925568
2024-06-01 11:55:24.154,40.916476,40.922836
2024-06-01 11:55:24.666,40.916476,40.92198
2024-06-01 11:55:25.178,40.916476,40.921707
2024-06-01 11:55:25.690,40.916476,40.921227
2024-06-01 11:55:26.202,40.987313,40.917557
2024-06-01 11:55:26.714,40.987313,40.91587
2024-06-01 11:55:27.226,40.987313,40.91503
2024-06-01 11:55:27.738,40.987313,40.91452
2024-06-01 11:55:28.250,40.987313,40.914402
2024-06-01 11:55:28.762,40.987313,40.914616
2024-06-01 11:55:29.274,40.987313,40.91432
2024-06-01 11:55:29.786,40.987313,40.914284
2024-06-01 11:55:30.298,40.916476,40.914574
2024-06-01 11:55:30.810,40.916476,40.915146
2024-06-01 11:55:31.322,40.916476,40.915146
2024-06-01 11:55:31.834,40.916476,40.915146
2024-06-01 11:55:32.346,40.987313,40.912186
2024-06-01 11:55:32.858,40.987313,40.9115
2024-06-01 11:55:33.370,40.987313,40.910904
2024-06-01 11:55:33.882,40.987313,40.91037
2024-06-01 11:55:34.394,40.987313,40.912872
2024-06-01 11:55:34.906,40.987313,40.913143
2024-06-01 11:55:35.418,40.987313,40.91342
2024-06-01 11:55:35.930,40.987313,40.913887
2024-06-01 11:55:36.442,40.987313,40.91755
2024-06-01 11:55:36.954,40.987313,40.91917
2024-06-01 11:55:37.466,40.987313,40.920063
2024-06-01 11:55:37.978,40.987313,40.920647
2024-06-01 11:55:38.490,40.987313,40.917923
2024-06-01 11:55:39.002,40.987313,40.917107
2024-06-01 11:55:39.514,40.987313,40.916832
2024-06-01 11:55:40.026,40.987313,40.916367
2024-06-01 11:55:40.538,40.987313,40.924282
2024-06-01 11:55:41.050,40.987313,40.92527
2024-06-01 11:55:41.562,40.987313,40.92665
2024-06-01 11:55:42.074,40.987313,40.928093
2024-06-01 11:55:42.586,40.987313,40.929634
2024-06-01 11:55:43.098,40.987313,40.931282
2024-06-01 11:55:43.610,40.987313,40.932064
2024-06-01 11:55:44.122,40.987313,40.93209
2024-06-01 11:55:44.634,40.987313,40.93108
2024-06-01 11:55:45.146,40.987313,40.929047
2024-06-01 11:55:45.658,40.987313,40.929047
2024-06-01 11:55:46.170,40.987313,40.929047
2024-06-01 11:55:46.682,40.987313,40.926247
2024-06-01 11:55:47.194,40.987313,40.925636
2024-06-01 11:55:47.706,40.987313,40.925117
2024-06-01 11:55:48.218,40.987313,40.924656
2024-06-01 11:55:48.730,40.987313,40.92707
2024-06-01 11:55:49.242,40.987313,40.927345
2024-06-01 11:55:49.754,40.987313,40.927643
2024-06-01 11:55:50.266,40.987313,40.928165
2024-06-01 11:55:50.778,40.987313,40.93447
2024-06-01 11:55:51.290,40.987313,40.93664
2024-06-01 11:55:51.802,40.987313,40.93784
2024-06-01 11:55:52.314,40.987313,40.93864
2024-06-01 11:55:52.826,40.987313,40.93898
2024-06-01 11:55:53.338,40.987313,40.938896
2024-06-01 11:55:53.850,40.987313,40.93924
2024-06-01 11:55:54.362,40.987313,40.93901
2024-06-01 11:55:54.874,40.987313,40.932613
2024-06-01 11:55:55.386,40.987313,40.929832
2024-06-01 11:55:55.898,40.987313,40.928886
2024-06-01 11:55:56.410,40.987313,40.928032
2024-06-01 11:55:56.922,40.987313,40.9273
2024-06-01 11:55:57.434,40.987313,40.926697
2024-06-01 11:55:57.946,40.987313,40.92638
2024-06-01 11:55:58.458,40.987313,40.926662
2024-06-01 11:55:58.970,40.987313,40.9276
2024-06-01 11:55:59.482,40.987313,40.929047
2024-06-01 11:55:59.994,40.987313,40.9265
2024-06-01 11:56:00.506,40.987313,40.922913
2024-06-01 11:56:01.018,40.987313,40.9212
2024-06-01 11:56:01.530,40.987313,40.91968
2024-06-01 11:56:02.042,40.987313,40.918377
2024-06-01 11:56:02.553,40.987313,40.917564
2024-06-01 11:56:03.065,40.916476,40.920685
2024-06-01 11:56:03.577,40.916476,40.923107
2024-06-01 11:56:04.089,40.916476,40.926468
2024-06-01 11:56:04.601,40.916476,40.93048
2024-06-01 11:56:05.113,40.916476,40.92813
2024-06-01 11:56:05.625,40.916476,40.92793
2024-06-01 11:56:06.137,40.916476,40.927757
2024-06-01 11:56:06.649,40.916476,40.927414
2024-06-01 11:56:07.161,40.916476,40.937904
2024-06-01 11:56:07.673,40.916476,40.939613
2024-06-01 11:56:08.185,40.916476,40.941353
2024-06-01 11:56:08.697,40.916476,40.943066
2024-06-01 11:56:09.209,40.916476,40.94217
2024-06-01 11:56:09.721,40.916476,40.94348
2024-06-01 11:56:10.233,40.916476,40.944283
2024-06-01 11:56:10.745,40.916476,40.944344
2024-06-01 11:56:11.257,40.916476,40.94335
2024-06-01 11:56:11.769,40.916476,40.941284
2024-06-01 11:56:12.281,40.916476,40.940998
2024-06-01 11:56:12.793,40.916476,40.940933
2024-06-01 11:56:13.305,40.916476,40.941124
2024-06-01 11:56:13.817,40.916476,40.941536
2024-06-01 11:56:14.329,40.916476,40.941536
2024-06-01 11:56:14.841,40.916476,40.941536
2024-06-01 11:56:15.353,40.916476,40.941536
2024-06-01 11:56:15.865,40.916476,40.941536
2024-06-01 11:56:16.377,40.916476,40.937603
2024-06-01 11:56:16.889,40.916476,40.9336
2024-06-01 11:56:17.401,40.916476,40.934364
2024-06-01 11:56:17.913,40.916476,40.93325
2024-06-01 11:56:18.425,40.916476,40.932213
2024-06-01 11:56:18.937,40.916476,40.931515
2024-06-01 11:56:19.449,40.916476,40.929085
2024-06-01 11:56:19.961,40.916476,40.93021
2024-06-01 11:56:20.473,40.916476,40.932446
2024-06-01 11:56:20.985,40.916476,40.935276
2024-06-01 11:56:21.497,40.916476,40.934883
2024-06-01 11:56:22.009,40.916476,40.93428
2024-06-01 11:56:22.521,40.916476,40.93387
2024-06-01 11:56:23.033,40.916476,40.933617
2024-06-01 11:56:23.545,40.916476,40.933563
2024-06-01 11:56:24.057,40.916476,40.933685
2024-06-01 11:56:24.569,40.916476,40.933685
2024-06-01 11:56:25.081,40.916476,40.933685
2024-06-01 11:56:25.593,40.916476,40.93638
2024-06-01 11:56:26.105,40.916476,40.936966
2024-06-01 11:56:26.617,40.916476,40.93747
2024-06-01 11:56:27.129,40.916476,40.937943
2024-06-01 11:56:27.641,40.916476,40.938385
2024-06-01 11:56:28.153,40.916476,40.93883
2024-06-01 11:56:28.665,40.916476,40.93924
2024-06-01 11:56:29.177,40.916476,40.93948
2024-06-01 11:56:29.689,40.916476,40.94217
2024-06-01 11:56:30.201,40.916476,40.94259
2024-06-01 11:56:30.713,40.916476,40.94306
2024-06-01 11:56:31.225,40.916476,40.943504
2024-06-01 11:56:31.737,40.916476,40.941296
2024-06-01 11:56:32.249,40.916476,40.941174
2024-06-01 11:56:32.761,40.916476,40.941093
2024-06-01 11:56:33.273,40.916476,40.940887
2024-06-01 11:56:33.785,40.987313,40.932415
2024-06-01 11:56:34.297,40.987313,40.930107
2024-06-01 11:56:34.809,40.987313,40.928185
2024-06-01 11:56:35.321,40.987313,40.926464
2024-06-01 11:56:35.833,40.987313,40.930492
2024-06-01 11:56:36.345,40.987313,40.93038
2024-06-01 11:56:36.857,40.987313,40.93014
2024-06-01 11:56:37.369,40.987313,40.930336
2024-06-01 11:56:37.881,40.987313,40.928368
2024-06-01 11:56:38.393,40.987313,40.929047
2024-06-01 11:56:38.905,40.987313,40.92939
2024-06-01 11:56:39.417,40.987313,40.929447
2024-06-01 11:56:39.929,40.987313,40.92911
2024-06-01 11:56:40.441,40.987313,40.928383
2024-06-01 11:56:40.953,40.987313,40.92794
2024-06-01 11:56:41.465,40.987313,40.927658
2024-06-01 11:56:41.977,40.987313,40.93034
2024-06-01 11:56:42.489,40.987313,40.931084
2024-06-01 11:56:43.001,40.987313,40.931614
2024-06-01 11:56:43.513,40.987313,40.93211
2024-06-01 11:56:44.025,40.987313,40.929848
2024-06-01 11:56:44.537,40.987313,40.929714
2024-06-01 11:56:45.049,40.987313,40.92962
2024-06-01 11:56:45.561,40.987313,40.929398
2024-06-01 11:56:46.073,40.987313,40.934433
2024-06-01 11:56:46.585,40.987313,40.935043
2024-06-01 11:56:47.097,40.987313,40.935658
2024-06-01 11:56:47.609,40.987313,40.936356
2024-06-01 11:56:48.121,40.987313,40.9318
2024-06-01 11:56:48.633,40.987313,40.931667
2024-06-01 11:56:49.145,40.987313,40.933434
2024-06-01 11:56:49.657,40.987313,40.93474
2024-06-01 11:56:50.169,40.987313,40.937447
2024-06-01 11:56:50.681,40.987313,40.937508
2024-06-01 11:56:51.193,40.987313,40.93782
2024-06-01 11:56:51.705,40.987313,40.93831
2024-06-01 11:56:52.217,40.987313,40.936184
2024-06-01 11:56:52.729,40.987313,40.93611
2024-06-01 11:56:53.241,40.987313,40.935284
2024-06-01 11:56:53.753,40.987313,40.933784
2024-06-01 11:56:54.265,40.987313,40.93332
2024-06-01 11:56:54.777,40.987313,40.932632
2024-06-01 11:56:55.289,40.987313,40.932243
2024-06-01 11:56:55.801,40.987313,40.93203
2024-06-01 11:56:56.313,40.987313,40.940144
2024-06-01 11:56:56.825,40.987313,40.942154
2024-06-01 11:56:57.337,40.987313,40.943665
2024-06-01 11:56:57.849,40.987313,40.945023
2024-06-01 11:56:58.361,40.987313,40.938286
2024-06-01 11:56:58.873,40.987313,40.93785
2024-06-01 11:56:59.385,40.987313,40.937492
2024-06-01 11:56:59.897,40.987313,40.93673
2024-06-01 11:57:00.409,40.987313,40.93534
2024-06-01 11:57:00.921,40.987313,40.933258
2024-06-01 11:57:01.433,40.987313,40.932125
2024-06-01 11:57:01.945,40.987313,40.93154
2024-06-01 11:57:02.457,40.987313,40.93705
2024-06-01 11:57:02.969,40.987313,40.9389
2024-06-01 11:57:03.481,40.987313,40.939922
2024-06-01 11:57:03.993,40.987313,40.94086
2024-06-01 11:57:04.505,40.987313,40.94172
2024-06-01 11:57:05.017,40.987313,40.942566
2024-06-01 11:57:05.529,40.987313,40.943306
2024-06-01 11:57:06.041,40.987313,40.943695
2024-06-01 11:57:06.553,40.987313,40.948856
2024-06-01 11:57:07.065,40.987313,40.949463
2024-06-01 11:57:07.577,40.987313,40.95037
2024-06-01 11:57:08.089,40.987313,40.951195
2024-06-01 11:57:08.601,40.987313,40.951965
2024-06-01 11:57:09.113,40.987313,40.952724
2024-06-01 11:57:09.625,40.987313,40.953358
2024-06-01 11:57:10.137,40.987313,40.95365
2024-06-01 11:57:10.649,40.916476,40.95096
2024-06-01 11:57:11.161,40.916476,40.949898
2024-06-01 11:57:11.673,40.916476,40.94947
2024-06-01 11:57:12.185,40.916476,40.949066
2024-06-01 11:57:12.697,40.987313,40.948692
2024-06-01 11:57:13.209,40.987313,40.94831
2024-06-01 11:57:13.721,40.987313,40.947994
2024-06-01 11:57:14.233,40.987313,40.947853
2024-06-01 11:57:14.745,40.987313,40.953037
2024-06-01 11:57:15.257,40.987313,40.954338
2024-06-01 11:57:15.769,40.987313,40.955193
2024-06-01 11:57:16.281,40.987313,40.955963
2024-06-01 11:57:16.793,40.987313,40.95417
2024-06-01 11:57:17.305,40.987313,40.9544
2024-06-01 11:57:17.817,40.987313,40.954582
2024-06-01 11:57:18.329,40.987313,40.954464
2024-06-01 11:57:18.841,40.987313,40.951374
2024-06-01 11:57:19.353,40.987313,40.94991
2024-06-01 11:57:19.865,40.987313,40.949203
2024-06-01 11:57:20.377,40.987313,40.948685
2024-06-01 11:57:20.889,40.987313,40.958458
2024-06-01 11:57:21.401,40.987313,40.960365
2024-06-01 11:57:21.913,40.987313,40.95833
2024-06-01 11:57:22.425,40.987313,40.956703
2024-06-01 11:57:22.937,40.987313,40.94941
2024-06-01 11:57:23.449,40.987313,40.948433
2024-06-01 11:57:23.961,40.987313,40.947292
2024-06-01 11:57:24.473,40.987313,40.94583
2024-06-01 11:57:24.985,40.987313,40.93924
2024-06-01 11:57:25.497,40.987313,40.937305
2024-06-01 11:57:26.009,40.987313,40.937164
2024-06-01 11:57:26.521,40.987313,40.937965
2024-06-01 11:57:27.033,40.987313,40.95203
2024-06-01 11:57:27.545,40.987313,40.95446
2024-06-01 11:57:28.057,40.987313,40.956245
2024-06-01 11:57:28.569,40.987313,40.95806
2024-06-01 11:57:29.081,40.987313,40.945206
2024-06-01 11:57:29.593,40.987313,40.944855
2024-06-01 11:57:30.105,40.987313,40.9446
2024-06-01 11:57:30.617,40.987313,40.94378
2024-06-01 11:57:31.129,40.916476,40.941956
2024-06-01 11:57:31.641,40.916476,40.938843
2024-06-01 11:57:32.153,40.916476,40.936493
2024-06-01 11:57:32.665,40.916476,40.934906
2024-06-01 11:57:33.177,40.987313,40.93432
2024-06-01 11:57:33.689,40.987313,40.934563
2024-06-01 11:57:34.201,40.987313,40.934563
2024-06-01 11:57:34.713,40.987313,40.934563
2024-06-01 11:57:35.224,40.987313,40.931885
2024-06-01 11:57:35.736,40.987313,40.931313
2024-06-01 11:57:36.248,40.987313,40.930805
2024-06-01 11:57:36.760,40.987313,40.93033
2024-06-01 11:57:37.272,40.987313,40.93255
2024-06-01 11:57:37.784,40.987313,40.932655
2024-06-01 11:57:38.296,40.987313,40.93272
2024-06-01 11:57:38.808,40.987313,40.93289
2024-06-01 11:57:39.320,40.987313,40.933243
2024-06-01 11:57:39.832,40.987313,40.933765
2024-06-01 11:57:40.344,40.987313,40.934204
2024-06-01 11:57:40.856,40.987313,40.934498
2024-06-01 11:57:41.368,40.916476,40.937256
2024-06-01 11:57:41.880,40.916476,40.937775
2024-06-01 11:57:42.392,40.916476,40.93826
2024-06-01 11:57:42.904,40.916476,40.938705
2024-06-01 11:57:43.416,40.987313,40.936516
2024-06-01 11:57:43.928,40.987313,40.936417
2024-06-01 11:57:44.440,40.987313,40.93636
2024-06-01 11:57:44.952,40.987313,40.936195
2024-06-01 11:57:45.464,40.987313,40.933193
2024-06-01 11:57:45.976,40.987313,40.932106
2024-06-01 11:57:46.488,40.987313,40.931175
2024-06-01 11:57:47.000,40.987313,40.93041
2024-06-01 11:57:47.512,40.987313,40.929825
2024-06-01 11:57:48.024,40.987313,40.929367
2024-06-01 11:57:48.536,40.987313,40.928913
2024-06-01 11:57:49.048,40.987313,40.928604
2024-06-01 11:57:49.560,40.987313,40.92848
2024-06-01 11:57:50.072,40.987313,40.928513
2024-06-01 11:57:50.584,40.987313,40.928513
2024-06-01 11:57:51.096,40.987313,40.928513
2024-06-01 11:57:51.608,40.987313,40.936523
2024-06-01 11:57:52.120,40.987313,40.93829
2024-06-01 11:57:52.632,40.987313,40.93979
2024-06-01 11:57:53.144,40.987313,40.941154
2024-06-01 11:57:53.656,40.987313,40.934563
2024-06-01 11:57:54.168,40.987313,40.934258
2024-06-01 11:57:54.680,40.987313,40.934086
2024-06-01 11:57:55.192,40.987313,40.9336
2024-06-01 11:57:55.704,40.987313,40.932602
2024-06-01 11:57:56.216,40.987313,40.931007
2024-06-01 11:57:56.728,40.987313,40.92969
2024-06-01 11:57:57.240,40.987313,40.92878
2024-06-01 11:57:57.752,40.987313,40.933777
2024-06-01 11:57:58.264,40.987313,40.935074
2024-06-01 11:57:58.776,40.987313,40.936092
2024-06-01 11:57:59.288,40.987313,40.937035
2024-06-01 11:57:59.800,40.987313,40.93261
2024-06-01 11:58:00.312,40.987313,40.932404
2024-06-01 11:58:00.824,40.987313,40.93228
2024-06-01 11:58:01.336,40.987313,40.931942
2024-06-01 11:58:01.848,40.987313,40.93394
2024-06-01 11:58:02.360,40.987313,40.933468
2024-06-01 11:58:02.872,40.987313,40.93309
2024-06-01 11:58:03.384,40.987313,40.93297
2024-06-01 11:58:03.896,40.987313,40.933197
2024-06-01 11:58:04.408,40.987313,40.933765
2024-06-01 11:58:04.920,40.987313,40.934204
2024-06-01 11:58:05.432,40.987313,40.934498
2024-06-01 11:58:05.944,40.987313,40.934616
2024-06-01 11:58:06.456,40.987313,40.934563
2024-06-01 11:58:06.968,40.987313,40.934563
2024-06-01 11:58:07.480,40.987313,40.934563
2024-06-01 11:58:07.992,40.987313,40.931885
2024-06-01 11:58:08.504,40.987313,40.931313
2024-06-01 11:58:09.016,40.987313,40.930805
2024-06-01 11:58:09.528,40.987313,40.93033
2024-06-01 11:58:10.040,40.987313,40.935207
2024-06-01 11:58:10.552,40.987313,40.93589
2024-06-01 11:58:11.064,40.987313,40.936455
2024-06-01 11:58:11.576,40.987313,40.937096
2024-06-01 11:58:12.088,40.987313,40.937874
2024-06-01 11:58:12.600,40.987313,40.938843
2024-06-01 11:58:13.112,40.987313,40.939686
2024-06-01 11:58:13.624,40.987313,40.940254
2024-06-01 11:58:14.136,40.987313,40.937828
2024-06-01 11:58:14.648,40.987313,40.937164
2024-06-01 11:58:15.160,40.987313,40.93669
2024-06-01 11:58:15.672,40.987313,40.93625
2024-06-01 11:58:16.184,40.987313,40.94614
2024-06-01 11:58:16.696,40.987313,40.947838
2024-06-01 11:58:17.208,40.987313,40.949234
2024-06-01 11:58:17.720,40.987313,40.950623
2024-06-01 11:58:18.232,40.987313,40.941933
2024-06-01 11:58:18.744,40.987313,40.941635
2024-06-01 11:58:19.256,40.987313,40.94145
2024-06-01 11:58:19.768,40.987313,40.940865
2024-06-01 11:58:20.280,40.987313,40.939598
2024-06-01 11:58:20.792,40.987313,40.93753
2024-06-01 11:58:21.304,40.987313,40.935898
2024-06-01 11:58:21.816,40.987313,40.9348
2024-06-01 11:58:22.328,40.987313,40.934387
2024-06-01 11:58:22.840,40.987313,40.934563
2024-06-01 11:58:23.352,40.987313,40.934563
2024-06-01 11:58:23.864,40.987313,40.934563
2024-06-01 11:58:24.376,40.987313,40.934563
2024-06-01 11:58:24.888,40.987313,40.934563
2024-06-01 11:58:25.400,40.987313,40.934563
2024-06-01 11:58:25.912,40.987313,40.934563
2024-06-01 11:58:26.424,40.987313,40.934563
2024-06-01 11:58:26.936,40.987313,40.934563
2024-06-01 11:58:27.448,40.987313,40.934563
2024-06-01 11:58:27.960,40.987313,40.934563
2024-06-01 11:58:28.472,40.987313,40.934563
2024-06-01 11:58:28.984,40.987313,40.934563
2024-06-01 11:58:29.496,40.987313,40.934563
2024-06-01 11:58:30.008,40.987313,40.934563
2024-06-01 11:58:30.520,40.987313,40.934563
2024-06-01 11:58:31.032,40.987313,40.934563
2024-06-01 11:58:31.544,40.987313,40.934563
2024-06-01 11:58:32.056,40.987313,40.934563
2024-06-01 11:58:32.568,40.987313,40.937206
2024-06-01 11:58:33.080,40.987313,40.937775
2024-06-01 11:58:33.592,40.987313,40.93826
2024-06-01 11:58:34.104,40.987313,40.938705
2024-06-01 11:58:34.616,40.987313,40.939144
2024-06-01 11:58:35.128,40.987313,40.939598
2024-06-01 11:58:35.640,40.987313,40.940014
2024-06-01 11:58:36.152,40.987313,40.94029
2024-06-01 11:58:36.664,40.987313,40.93242
2024-06-01 11:58:37.176,40.987313,40.930702
2024-06-01 11:58:37.688,40.987313,40.92923
2024-06-01 11:58:38.200,40.987313,40.927826
2024-06-01 11:58:38.712,40.987313,40.931828
2024-06-01 11:58:39.224,40.987313,40.931534
2024-06-01 11:58:39.736,40.987313,40.931217
2024-06-01 11:58:40.248,40.987313,40.93127
2024-06-01 11:58:40.760,40.987313,40.931854
2024-06-01 11:58:41.272,40.987313,40.932938
2024-06-01 11:58:41.784,40.987313,40.93383
2024-06-01 11:58:42.296,40.987313,40.934433
2024-06-01 11:58:42.808,40.916476,40.937313
2024-06-01 11:58:43.320,40.916476,40.937775
2024-06-01 11:58:43.832,40.916476,40.93826
2024-06-01 11:58:44.344,40.916476,40.938705
2024-06-01 11:58:44.856,40.987313,40.936516
2024-06-01 11:58:45.368,40.987313,40.936417
2024-06-01 11:58:45.880,40.987313,40.93636
2024-06-01 11:58:46.392,40.987313,40.936195
2024-06-01 11:58:46.904,40.987313,40.953598
2024-06-01 11:58:47.416,40.987313,40.956734
2024-06-01 11:58:47.928,40.987313,40.959312
2024-06-01 11:58:48.440,40.987313,40.961704
2024-06-01 11:58:48.952,40.987313,40.944305
2024-06-01 11:58:49.464,40.987313,40.943314
2024-06-01 11:58:49.976,40.987313,40.942627
2024-06-01 11:58:50.488,40.987313,40.941284
2024-06-01 11:58:51.000,40.987313,40.938755
2024-06-01 11:58:51.512,40.987313,40.93464
2024-06-01 11:58:52.024,40.987313,40.931423
2024-06-01 11:58:52.536,40.987313,40.929214
2024-06-01 11:58:53.048,40.987313,40.955994
2024-06-01 11:58:53.560,40.987313,40.96233
2024-06-01 11:58:54.072,40.987313,40.96701
2024-06-01 11:58:54.584,40.987313,40.970985
2024-06-01 11:58:55.096,40.987313,40.948093
2024-06-01 11:58:55.608,40.987313,40.947147
2024-06-01 11:58:56.120,40.987313,40.946754
2024-06-01 11:58:56.632,40.987313,40.945408
2024-06-01 11:58:57.144,40.987313,40.944824
2024-06-01 11:58:57.656,40.987313,40.939457
2024-06-01 11:58:58.168,40.987313,40.935856
2024-06-01 11:58:58.680,40.987313,40.93355
2024-06-01 11:58:59.192,40.987313,40.9303
2024-06-01 11:58:59.704,40.987313,40.93049
2024-06-01 11:59:00.216,40.987313,40.93042
2024-06-01 11:59:00.728,40.987313,40.93025
2024-06-01 11:59:01.240,40.987313,40.9299
2024-06-01 11:59:01.752,40.987313,40.929367
2024-06-01 11:59:02.264,40.987313,40.928913
2024-06-01 11:59:02.776,40.987313,40.9286
2024-06-01 11:59:03.288,40.987313,40.931183
2024-06-01 11:59:03.800,40.987313,40.931816
2024-06-01 11:59:04.312,40.987313,40.932335
2024-06-01 11:59:04.824,40.987313,40.93282
2024-06-01 11:59:05.336,40.987313,40.933285
2024-06-01 11:59:05.848,40.987313,40.933765
2024-06-01 11:59:06.360,40.987313,40.934204
2024-06-01 11:59:06.872,40.987313,40.934498
2024-06-01 11:59:07.383,40.987313,40.937256
2024-06-01 11:59:07.895,40.987313,40.937775
2024-06-01 11:59:08.407,40.987313,40.93826
2024-06-01 11:59:08.919,40.987313,40.938705
2024-06-01 11:59:09.431,40.987313,40.933846
2024-06-01 11:59:09.943,40.987313,40.93319
2024-06-01 11:59:10.455,40.987313,40.932648
2024-06-01 11:59:10.967,40.987313,40.932007
2024-06-01 11:59:11.479,40.987313,40.933895
2024-06-01 11:59:11.991,40.987313,40.933468
2024-06-01 11:59:12.503,40.987313,40.93309
2024-06-01 11:59:13.015,40.987313,40.93297
2024-06-01 11:59:13.527,40.987313,40.935852
2024-06-01 11:59:14.039,40.987313,40.93699
