timestamp,Actual,Predicted
2024-06-01 11:40:00.004,40.916476,40.953266
2024-06-01 11:40:00.516,40.916476,40.953266
2024-06-01 11:40:01.028,40.916476,40.953266
2024-06-01 11:40:01.540,40.916476,40.953266
2024-06-01 11:40:02.052,40.916476,40.98921
2024-06-01 11:40:02.564,40.916476,40.98921
2024-06-01 11:40:03.076,40.916476,40.98921
2024-06-01 11:40:03.588,40.916476,40.98921
2024-06-01 11:40:04.100,40.916476,40.971107
2024-06-01 11:40:04.612,40.916476,40.971107
2024-06-01 11:40:05.124,40.916476,40.971107
2024-06-01 11:40:05.636,40.916476,40.971107
2024-06-01 11:40:06.148,40.916476,40.98921
2024-06-01 11:40:06.660,40.916476,40.98921
2024-06-01 11:40:07.172,40.916476,40.98921
2024-06-01 11:40:07.684,40.916476,40.98921
2024-06-01 11:40:08.196,40.916476,40.98921
2024-06-01 11:40:08.708,40.916476,40.98921
2024-06-01 11:40:09.220,40.916476,40.98921
2024-06-01 11:40:09.732,40.916476,40.98921
2024-06-01 11:40:10.244,40.916476,40.98921
2024-06-01 11:40:10.756,40.916476,40.98921
2024-06-01 11:40:11.268,40.916476,40.98921
2024-06-01 11:40:11.780,40.916476,40.98921
2024-06-01 11:40:12.292,40.916476,40.98921
2024-06-01 11:40:12.804,40.916476,40.98921
2024-06-01 11:40:13.316,40.916476,40.98921
2024-06-01 11:40:13.828,40.916476,40.98921
2024-06-01 11:40:14.340,40.916476,40.971107
2024-06-01 11:40:14.852,40.916476,40.971107
2024-06-01 11:40:15.364,40.916476,40.97111
2024-06-01 11:40:15.876,40.916476,40.97111
2024-06-01 11:40:16.388,40.916476,40.98921
2024-06-01 11:40:16.900,40.916476,40.98921
2024-06-01 11:40:17.412,40.916476,40.98921
2024-06-01 11:40:17.924,40.916476,40.98921
2024-06-01 11:40:18.436,40.916476,40.98921
2024-06-01 11:40:18.948,40.916476,40.98921
2024-06-01 11:40:19.460,40.916476,40.98921
2024-06-01 11:40:19.972,40.916476,40.98921
2024-06-01 11:40:20.484,40.916476,40.98921
2024-06-01 11:40:20.996,40.916476,40.98921
2024-06-01 11:40:21.508,40.916476,40.98921
2024-06-01 11:40:22.020,40.916476,40.98921
2024-06-01 11:40:22.532,40.916476,40.971107
2024-06-01 11:40:23.044,40.916476,40.971107
2024-06-01 11:40:23.556,40.916476,40.971107
2024-06-01 11:40:24.068,40.916476,40.971107
2024-06-01 11:40:24.580,40.916476,40.971107
2024-06-01 11:40:25.092,40.916476,40.971107
2024-06-01 11:40:25.604,40.916476,40.971107
2024-06-01 11:40:26.116,40.916476,40.971107
2024-06-01 11:40:26.628,40.916476,41.028008
2024-06-01 11:40:27.140,40.916476,41.028008
2024-06-01 11:40:27.652,40.916476,41.028008
2024-06-01 11:40:28.164,40.916476,41.028008
2024-06-01 11:40:28.676,40.916476,40.98921
2024-06-01 11:40:29.188,40.987313,40.98921
2024-06-01 11:40:29.700,40.987313,40.98921
2024-06-01 11:40:30.212,40.987313,40.98921
2024-06-01 11:40:30.724,40.987313,40.98921
2024-06-01 11:40:31.236,40.916476,40.98921
2024-06-01 11:40:31.748,40.916476,40.989212
2024-06-01 11:40:32.260,40.916476,40.989212
2024-06-01 11:40:32.772,40.916476,40.971107
2024-06-01 11:40:33.284,40.916476,40.971107
2024-06-01 11:40:33.796,40.916476,40.971107
2024-06-01 11:40:34.308,40.916476,40.971107
2024-06-01 11:40:34.820,40.916476,40.971107
2024-06-01 11:40:35.332,40.916476,40.971107
2024-06-01 11:40:35.844,40.916476,40.971107
2024-06-01 11:40:36.356,40.916476,40.971107
2024-06-01 11:40:36.868,40.916476,41.013527
2024-06-01 11:40:37.380,40.916476,41.013527
2024-06-01 11:40:37.892,40.916476,41.013527
2024-06-01 11:40:38.403,40.916476,41.013527
2024-06-01 11:40:38.915,40.916476,40.971107
2024-06-01 11:40:39.427,40.916476,40.971107
2024-06-01 11:40:39.939,40.916476,40.971107
2024-06-01 11:40:40.451,40.916476,40.971107
2024-06-01 11:40:40.963,40.916476,40.98921
2024-06-01 11:40:41.475,40.916476,40.98921
2024-06-01 11:40:41.987,40.916476,40.98921
2024-06-01 11:40:42.499,40.916476,40.98921
2024-06-01 11:40:43.011,40.916476,41.028008
2024-06-01 11:40:43.523,40.916476,41.028008
2024-06-01 11:40:44.035,40.916476,41.028008
2024-06-01 11:40:44.547,40.916476,41.028008
2024-06-01 11:40:45.059,40.916476,40.953266
2024-06-01 11:40:45.571,40.916476,40.953266
2024-06-01 11:40:46.083,40.916476,40.953266
2024-06-01 11:40:46.595,40.916476,40.953266
2024-06-01 11:40:47.107,40.916476,40.98921
2024-06-01 11:40:47.619,40.916476,40.98921
2024-06-01 11:40:48.131,40.916476,40.989212
2024-06-01 11:40:48.643,40.916476,40.989212
2024-06-01 11:40:49.155,40.916476,40.98921
2024-06-01 11:40:49.667,40.987313,40.98921
2024-06-01 11:40:50.179,40.987313,40.98921
2024-06-01 11:40:50.691,40.987313,40.98921
2024-06-01 11:40:51.203,40.987313,40.971107
2024-06-01 11:40:51.715,40.916476,40.971107
2024-06-01 11:40:52.227,40.916476,40.971107
2024-06-01 11:40:52.739,40.916476,40.971107
2024-06-01 11:40:53.251,40.916476,40.98921
2024-06-01 11:40:53.763,40.916476,40.98921
2024-06-01 11:40:54.275,40.916476,40.98921
2024-06-01 11:40:54.787,40.916476,40.98921
2024-06-01 11:40:55.299,40.916476,41.013527
2024-06-01 11:40:55.811,40.916476,41.013527
2024-06-01 11:40:56.323,40.916476,41.013527
2024-06-01 11:40:56.835,40.916476,41.013527
2024-06-01 11:40:57.347,40.916476,41.013527
2024-06-01 11:40:57.859,40.987313,41.013527
2024-06-01 11:40:58.371,40.987313,41.013527
2024-06-01 11:40:58.883,40.987313,41.013527
2024-06-01 11:40:59.395,40.987313,40.98921
2024-06-01 11:40:59.907,40.916476,40.98921
2024-06-01 11:41:00.419,40.916476,40.98921
2024-06-01 11:41:00.931,40.916476,40.98921
2024-06-01 11:41:01.443,40.916476,40.971107
2024-06-01 11:41:01.955,40.987313,40.971107
2024-06-01 11:41:02.467,40.987313,40.971107
2024-06-01 11:41:02.979,40.987313,40.971107
2024-06-01 11:41:03.491,40.987313,40.98921
2024-06-01 11:41:04.003,40.916476,40.98921
2024-06-01 11:41:04.515,40.916476,40.989212
2024-06-01 11:41:05.027,40.916476,40.989212
2024-06-01 11:41:05.539,40.916476,40.98921
2024-06-01 11:41:06.051,40.916476,40.98921
2024-06-01 11:41:06.563,40.916476,40.98921
2024-06-01 11:41:07.075,40.916476,40.98921
2024-06-01 11:41:07.587,40.916476,41.013527
2024-06-01 11:41:08.099,40.987313,41.013527
2024-06-01 11:41:08.611,40.987313,41.013527
2024-06-01 11:41:09.123,40.987313,41.013527
2024-06-01 11:41:09.635,40.987313,40.98921
2024-06-01 11:41:10.147,40.987313,40.98921
2024-06-01 11:41:10.659,40.987313,40.98921
2024-06-01 11:41:11.171,40.987313,40.98921
2024-06-01 11:41:11.683,40.987313,40.953266
2024-06-01 11:41:12.195,40.987313,40.953266
2024-06-01 11:41:12.707,40.987313,40.953266
2024-06-01 11:41:13.219,40.987313,40.953266
2024-06-01 11:41:13.731,40.987313,40.971107
2024-06-01 11:41:14.243,40.987313,40.971107
2024-06-01 11:41:14.755,40.987313,40.971107
2024-06-01 11:41:15.267,40.987313,40.971107
2024-06-01 11:41:15.779,40.987313,40.953266
2024-06-01 11:41:16.291,40.916476,40.953266
2024-06-01 11:41:16.803,40.916476,40.953266
2024-06-01 11:41:17.315,40.916476,40.953266
2024-06-01 11:41:17.827,40.916476,40.971107
2024-06-01 11:41:18.339,40.916476,40.971107
2024-06-01 11:41:18.851,40.916476,40.971107
2024-06-01 11:41:19.363,40.916476,40.971107
2024-06-01 11:41:19.875,40.916476,40.98921
2024-06-01 11:41:20.387,40.916476,40.98921
2024-06-01 11:41:20.899,40.916476,40.989212
2024-06-01 11:41:21.411,40.916476,40.989212
2024-06-01 11:41:21.923,40.916476,40.971107
2024-06-01 11:41:22.435,40.987313,40.971107
2024-06-01 11:41:22.947,40.987313,40.971107
2024-06-01 11:41:23.459,40.987313,40.971107
2024-06-01 11:41:23.971,40.987313,40.953266
2024-06-01 11:41:24.483,40.987313,40.953266
2024-06-01 11:41:24.995,40.987313,40.953266
2024-06-01 11:41:25.507,40.987313,40.953266
2024-06-01 11:41:26.019,40.987313,41.028008
2024-06-01 11:41:26.531,40.987313,41.028008
2024-06-01 11:41:27.043,40.987313,41.028008
2024-06-01 11:41:27.555,40.987313,41.028008
2024-06-01 11:41:28.067,40.987313,40.98921
2024-06-01 11:41:28.579,40.987313,40.98921
2024-06-01 11:41:29.091,40.987313,40.98921
2024-06-01 11:41:29.603,40.987313,40.98921
2024-06-01 11:41:30.115,40.987313,40.971107
2024-06-01 11:41:30.627,40.987313,40.971107
2024-06-01 11:41:31.139,40.987313,40.96494
2024-06-01 11:41:31.651,40.987313,40.96494
2024-06-01 11:41:32.163,40.987313,40.95388
2024-06-01 11:41:32.675,40.987313,40.95388
2024-06-01 11:41:33.187,40.987313,40.95388
2024-06-01 11:41:33.699,40.987313,40.95388
2024-06-01 11:41:34.211,40.987313,40.95388
2024-06-01 11:41:34.723,40.987313,40.95388
2024-06-01 11:41:35.235,40.987313,40.95388
2024-06-01 11:41:35.747,40.987313,40.95388
2024-06-01 11:41:36.259,40.987313,40.96494
2024-06-01 11:41:36.771,40.987313,40.96494
2024-06-01 11:41:37.283,40.987313,40.96494
2024-06-01 11:41:37.795,40.987313,40.96494
2024-06-01 11:41:38.307,40.987313,40.942085
2024-06-01 11:41:38.819,40.987313,40.942085
2024-06-01 11:41:39.331,40.987313,40.942085
2024-06-01 11:41:39.843,40.987313,40.942085
2024-06-01 11:41:40.355,40.987313,40.96494
2024-06-01 11:41:40.867,40.987313,40.96494
2024-06-01 11:41:41.379,40.987313,40.96494
2024-06-01 11:41:41.891,40.987313,40.96494
2024-06-01 11:41:42.403,40.987313,40.95388
2024-06-01 11:41:42.915,40.987313,40.95388
2024-06-01 11:41:43.427,40.987313,40.95388
2024-06-01 11:41:43.939,40.987313,40.95388
2024-06-01 11:41:44.451,40.987313,40.95388
2024-06-01 11:41:44.963,40.987313,40.95388
2024-06-01 11:41:45.475,40.987313,40.95388
2024-06-01 11:41:45.987,40.987313,40.95388
2024-06-01 11:41:46.499,40.987313,40.95388
2024-06-01 11:41:47.011,40.916476,40.95388
2024-06-01 11:41:47.523,40.916476,40.95388
2024-06-01 11:41:48.035,40.916476,40.95388
2024-06-01 11:41:48.547,40.916476,40.95388
2024-06-01 11:41:49.059,40.987313,40.95388
2024-06-01 11:41:49.571,40.987313,40.95388
2024-06-01 11:41:50.083,40.987313,40.95388
2024-06-01 11:41:50.595,40.987313,40.975983
2024-06-01 11:41:51.107,40.987313,40.975983
2024-06-01 11:41:51.619,40.987313,40.975983
2024-06-01 11:41:52.131,40.987313,40.975983
2024-06-01 11:41:52.643,40.987313,40.96494
2024-06-01 11:41:53.155,40.987313,40.96494
2024-06-01 11:41:53.667,40.987313,40.96494
2024-06-01 11:41:54.179,40.987313,40.96494
2024-06-01 11:41:54.691,40.987313,40.95388
2024-06-01 11:41:55.203,40.987313,40.95388
2024-06-01 11:41:55.715,40.987313,40.95388
2024-06-01 11:41:56.227,40.987313,40.95388
2024-06-01 11:41:56.739,40.987313,40.975983
2024-06-01 11:41:57.251,40.987313,40.975983
2024-06-01 11:41:57.763,40.987313,40.975983
2024-06-01 11:41:58.275,40.987313,40.975983
2024-06-01 11:41:58.787,40.987313,40.96494
2024-06-01 11:41:59.299,40.987313,40.96494
2024-06-01 11:41:59.811,40.987313,40.96494
2024-06-01 11:42:00.323,40.987313,40.96494
2024-06-01 11:42:00.835,40.987313,40.96494
2024-06-01 11:42:01.347,40.987313,40.96494
2024-06-01 11:42:01.859,40.987313,40.96494
2024-06-01 11:42:02.371,40.987313,40.96494
2024-06-01 11:42:02.883,40.987313,40.95388
2024-06-01 11:42:03.395,40.987313,40.95388
2024-06-01 11:42:03.907,40.987313,40.95388
2024-06-01 11:42:04.419,40.987313,40.95388
2024-06-01 11:42:04.931,40.987313,40.95388
2024-06-01 11:42:05.443,40.987313,40.95388
2024-06-01 11:42:05.955,40.987313,40.95388
2024-06-01 11:42:06.467,40.987313,40.95388
2024-06-01 11:42:06.979,40.987313,40.96494
2024-06-01 11:42:07.491,40.987313,40.96494
2024-06-01 11:42:08.003,40.987313,40.96494
2024-06-01 11:42:08.515,40.987313,40.96494
2024-06-01 11:42:09.027,40.987313,40.95388
2024-06-01 11:42:09.539,40.987313,40.95388
2024-06-01 11:42:10.051,40.987313,40.95388
2024-06-01 11:42:10.563,40.987313,40.95388
2024-06-01 11:42:11.074,40.987313,40.96494
2024-06-01 11:42:11.586,40.987313,40.96494
2024-06-01 11:42:12.098,40.987313,40.96494
2024-06-01 11:42:12.610,40.987313,40.96494
2024-06-01 11:42:13.122,40.987313,40.95388
2024-06-01 11:42:13.634,40.987313,40.95388
2024-06-01 11:42:14.146,40.987313,40.95388
2024-06-01 11:42:14.658,40.987313,40.95388
2024-06-01 11:42:15.170,40.987313,40.95388
2024-06-01 11:42:15.682,40.987313,40.95388
2024-06-01 11:42:16.194,40.987313,40.95388
2024-06-01 11:42:16.706,40.987313,40.95388
2024-06-01 11:42:17.218,40.987313,40.975983
2024-06-01 11:42:17.730,40.987313,40.975983
2024-06-01 11:42:18.242,40.987313,40.975983
2024-06-01 11:42:18.754,40.987313,40.975983
2024-06-01 11:42:19.266,40.987313,40.95388
2024-06-01 11:42:19.778,40.987313,40.95388
2024-06-01 11:42:20.290,40.987313,40.95388
2024-06-01 11:42:20.802,40.987313,40.95388
2024-06-01 11:42:21.314,40.987313,40.975983
2024-06-01 11:42:21.826,40.987313,40.975983
2024-06-01 11:42:22.338,40.987313,40.975983
2024-06-01 11:42:22.850,40.987313,40.975983
2024-06-01 11:42:23.362,40.987313,40.95388
2024-06-01 11:42:23.874,40.987313,40.95388
2024-06-01 11:42:24.386,40.987313,40.95388
2024-06-01 11:42:24.898,40.987313,40.95388
2024-06-01 11:42:25.410,40.987313,40.95388
2024-06-01 11:42:25.922,40.987313,40.95388
2024-06-01 11:42:26.434,40.987313,40.95388
2024-06-01 11:42:26.946,40.987313,40.95388
2024-06-01 11:42:27.458,40.987313,40.96494
2024-06-01 11:42:27.970,40.987313,40.96494
2024-06-01 11:42:28.482,40.987313,40.96494
2024-06-01 11:42:28.994,40.987313,40.96494
2024-06-01 11:42:29.506,40.987313,40.95388
2024-06-01 11:42:30.018,40.987313,40.95388
2024-06-01 11:42:30.530,40.987313,40.95388
2024-06-01 11:42:31.042,40.987313,40.95388
2024-06-01 11:42:31.554,40.987313,40.96494
2024-06-01 11:42:32.066,40.987313,40.96494
2024-06-01 11:42:32.578,40.987313,40.96494
2024-06-01 11:42:33.090,40.987313,40.96494
2024-06-01 11:42:33.602,40.987313,40.95388
2024-06-01 11:42:34.114,40.987313,40.95388
2024-06-01 11:42:34.626,40.987313,40.95388
2024-06-01 11:42:35.138,40.987313,40.95388
2024-06-01 11:42:35.650,40.987313,40.95388
2024-06-01 11:42:36.162,40.987313,40.95388
2024-06-01 11:42:36.674,40.987313,40.95388
2024-06-01 11:42:37.186,40.987313,40.95388
2024-06-01 11:42:37.698,40.987313,40.95388
2024-06-01 11:42:38.210,40.987313,40.95388
2024-06-01 11:42:38.722,40.987313,40.95388
2024-06-01 11:42:39.234,40.987313,40.95388
2024-06-01 11:42:39.746,40.987313,40.975983
2024-06-01 11:42:40.258,40.987313,40.975983
2024-06-01 11:42:40.770,40.987313,40.975983
2024-06-01 11:42:41.282,40.987313,40.975983
2024-06-01 11:42:41.794,40.987313,40.975983
2024-06-01 11:42:42.306,40.987313,40.975983
2024-06-01 11:42:42.818,40.987313,40.975986
2024-06-01 11:42:43.330,40.987313,40.975986
2024-06-01 11:42:43.842,40.987313,40.95388
2024-06-01 11:42:44.354,40.987313,40.95388
2024-06-01 11:42:44.866,40.987313,40.95388
2024-06-01 11:42:45.378,40.987313,40.95388
2024-06-01 11:42:45.890,40.987313,40.95388
2024-06-01 11:42:46.402,40.987313,40.95388
2024-06-01 11:42:46.914,40.987313,40.95388
2024-06-01 11:42:47.426,40.987313,40.95388
2024-06-01 11:42:47.938,40.987313,40.95388
2024-06-01 11:42:48.450,40.987313,40.95388
2024-06-01 11:42:48.962,40.987313,40.95388
2024-06-01 11:42:49.474,40.987313,40.95388
2024-06-01 11:42:49.986,40.987313,40.96494
2024-06-01 11:42:50.498,40.987313,40.96494
2024-06-01 11:42:51.010,40.987313,40.96494
2024-06-01 11:42:51.522,40.987313,40.96494
2024-06-01 11:42:52.034,40.987313,40.96494
2024-06-01 11:42:52.546,40.987313,40.96494
2024-06-01 11:42:53.058,40.987313,40.96494
2024-06-01 11:42:53.570,40.987313,40.96494
2024-06-01 11:42:54.082,40.987313,40.96494
2024-06-01 11:42:54.594,40.987313,40.96494
2024-06-01 11:42:55.106,40.987313,40.96494
2024-06-01 11:42:55.618,40.987313,40.96494
2024-06-01 11:42:56.130,40.987313,40.975983
2024-06-01 11:42:56.642,40.987313,40.975983
2024-06-01 11:42:57.154,40.987313,40.975983
2024-06-01 11:42:57.666,40.987313,40.975983
2024-06-01 11:42:58.178,40.987313,40.96494
2024-06-01 11:42:58.690,40.987313,40.96494
2024-06-01 11:42:59.202,40.987313,40.96494
2024-06-01 11:42:59.714,40.987313,40.96494
2024-06-01 11:43:00.226,40.987313,40.96494
2024-06-01 11:43:00.738,40.987313,40.96494
2024-06-01 11:43:01.250,40.987313,40.96494
2024-06-01 11:43:01.762,40.987313,40.96494
2024-06-01 11:43:02.274,40.987313,40.96494
2024-06-01 11:43:02.786,40.987313,40.96494
2024-06-01 11:43:03.298,40.987313,40.96494
2024-06-01 11:43:03.810,40.987313,40.96494
2024-06-01 11:43:04.322,40.987313,40.95388
2024-06-01 11:43:04.834,40.987313,40.95388
2024-06-01 11:43:05.346,40.987313,40.95388
2024-06-01 11:43:05.858,40.987313,40.95388
2024-06-01 11:43:06.370,40.987313,40.95388
2024-06-01 11:43:06.882,40.987313,40.95388
2024-06-01 11:43:07.394,40.987313,40.95388
2024-06-01 11:43:07.906,40.987313,40.95388
2024-06-01 11:43:08.418,40.987313,40.975983
2024-06-01 11:43:08.930,40.987313,40.975983
2024-06-01 11:43:09.442,40.987313,40.975983
2024-06-01 11:43:09.954,40.987313,40.975983
2024-06-01 11:43:10.466,40.987313,40.942085
2024-06-01 11:43:10.978,40.916476,40.942085
2024-06-01 11:43:11.490,40.916476,40.942085
2024-06-01 11:43:12.002,40.916476,40.942085
2024-06-01 11:43:12.514,40.916476,40.96494
2024-06-01 11:43:13.026,40.987313,40.96494
2024-06-01 11:43:13.538,40.987313,40.96494
2024-06-01 11:43:14.050,40.987313,40.96494
2024-06-01 11:43:14.562,40.987313,40.96494
2024-06-01 11:43:15.074,40.987313,40.96494
2024-06-01 11:43:15.586,40.987313,40.96494
2024-06-01 11:43:16.098,40.987313,40.96494
2024-06-01 11:43:16.610,40.987313,40.96494
2024-06-01 11:43:17.122,40.987313,40.96494
2024-06-01 11:43:17.634,40.987313,40.96494
2024-06-01 11:43:18.146,40.987313,40.96494
2024-06-01 11:43:18.658,40.987313,40.96494
2024-06-01 11:43:19.170,40.987313,40.96494
2024-06-01 11:43:19.682,40.987313,40.96494
2024-06-01 11:43:20.194,40.987313,40.96494
2024-06-01 11:43:20.706,40.987313,40.96494
2024-06-01 11:43:21.218,40.987313,40.96494
2024-06-01 11:43:21.730,40.987313,40.96494
2024-06-01 11:43:22.242,40.987313,40.96494
2024-06-01 11:43:22.754,40.987313,40.96494
2024-06-01 11:43:23.266,40.987313,40.96494
2024-06-01 11:43:23.778,40.987313,40.96494
2024-06-01 11:43:24.290,40.987313,40.96494
2024-06-01 11:43:24.802,40.987313,40.96494
2024-06-01 11:43:25.314,40.987313,40.96494
2024-06-01 11:43:25.826,40.987313,40.96494
2024-06-01 11:43:26.338,40.987313,40.96494
2024-06-01 11:43:26.850,40.987313,40.942085
2024-06-01 11:43:27.362,40.987313,40.942085
2024-06-01 11:43:27.874,40.987313,40.942085
2024-06-01 11:43:28.386,40.987313,40.942085
2024-06-01 11:43:28.898,40.987313,40.96494
2024-06-01 11:43:29.410,40.987313,40.96494
2024-06-01 11:43:29.922,40.987313,40.96494
2024-06-01 11:43:30.434,40.987313,40.96494
2024-06-01 11:43:30.946,40.987313,40.95388
2024-06-01 11:43:31.458,40.987313,40.95388
2024-06-01 11:43:31.970,40.987313,40.95388
2024-06-01 11:43:32.482,40.987313,40.95388
2024-06-01 11:43:32.994,40.987313,40.975983
2024-06-01 11:43:33.506,40.987313,40.975983
2024-06-01 11:43:34.018,40.987313,40.975983
2024-06-01 11:43:34.530,40.987313,40.975983
2024-06-01 11:43:35.042,40.987313,40.95388
2024-06-01 11:43:35.554,40.987313,40.95388
2024-06-01 11:43:36.066,40.987313,40.95388
2024-06-01 11:43:36.578,40.987313,40.95388
2024-06-01 11:43:37.090,40.987313,40.96494
2024-06-01 11:43:37.602,40.987313,40.96494
2024-06-01 11:43:38.114,40.987313,40.96494
2024-06-01 11:43:38.626,40.987313,40.96494
2024-06-01 11:43:39.138,40.987313,41.019466
2024-06-01 11:43:39.650,40.987313,41.019466
2024-06-01 11:43:40.162,40.987313,41.019466
2024-06-01 11:43:40.674,40.987313,41.019466
2024-06-01 11:43:41.186,40.987313,40.95388
2024-06-01 11:43:41.698,40.987313,40.95388
2024-06-01 11:43:42.210,40.987313,40.95388
2024-06-01 11:43:42.722,40.987313,40.95388
2024-06-01 11:43:43.233,40.987313,40.95388
2024-06-01 11:43:43.745,40.987313,40.95388
2024-06-01 11:43:44.257,40.987313,40.95388
2024-06-01 11:43:44.769,40.987313,40.95388
2024-06-01 11:43:45.281,40.987313,40.95388
2024-06-01 11:43:45.793,40.987313,40.95388
2024-06-01 11:43:46.305,40.987313,40.95388
2024-06-01 11:43:46.817,40.987313,40.95388
2024-06-01 11:43:47.329,40.987313,40.95388
2024-06-01 11:43:47.841,40.987313,40.95388
2024-06-01 11:43:48.353,40.987313,40.95388
2024-06-01 11:43:48.865,40.987313,40.95388
2024-06-01 11:43:49.377,40.987313,40.975983
2024-06-01 11:43:49.889,40.987313,40.975983
2024-06-01 11:43:50.401,40.987313,40.975983
2024-06-01 11:43:50.913,40.987313,40.975983
2024-06-01 11:43:51.425,40.987313,40.96494
2024-06-01 11:43:51.937,40.987313,40.96494
2024-06-01 11:43:52.449,40.987313,40.96494
2024-06-01 11:43:52.961,40.987313,40.96494
2024-06-01 11:43:53.473,40.987313,40.96494
2024-06-01 11:43:53.985,40.987313,40.96494
2024-06-01 11:43:54.497,40.987313,40.96494
2024-06-01 11:43:55.009,40.987313,40.96494
2024-06-01 11:43:55.521,40.987313,40.95388
2024-06-01 11:43:56.033,40.987313,40.95388
2024-06-01 11:43:56.545,40.987313,40.95388
2024-06-01 11:43:57.057,40.987313,40.95388
2024-06-01 11:43:57.569,40.987313,40.98584
2024-06-01 11:43:58.081,40.987313,40.98584
2024-06-01 11:43:58.593,40.987313,40.98584
2024-06-01 11:43:59.105,40.987313,40.98584
2024-06-01 11:43:59.617,40.987313,40.975983
2024-06-01 11:44:00.129,40.987313,40.975983
2024-06-01 11:44:00.641,40.987313,40.975983
2024-06-01 11:44:01.153,40.987313,40.975983
2024-06-01 11:44:01.665,40.987313,40.95388
2024-06-01 11:44:02.177,40.987313,40.95388
2024-06-01 11:44:02.689,40.987313,40.95388
2024-06-01 11:44:03.201,40.987313,40.95388
2024-06-01 11:44:03.713,40.987313,40.96494
2024-06-01 11:44:04.225,40.987313,40.96494
2024-06-01 11:44:04.737,40.987313,40.96494
2024-06-01 11:44:05.249,40.987313,40.96494
2024-06-01 11:44:05.761,40.987313,40.95388
2024-06-01 11:44:06.273,40.987313,40.95388
2024-06-01 11:44:06.785,40.987313,40.95388
2024-06-01 11:44:07.297,40.987313,40.95388
2024-06-01 11:44:07.809,40.987313,40.923782
2024-06-01 11:44:08.321,40.987313,40.923782
2024-06-01 11:44:08.833,40.987313,40.923782
2024-06-01 11:44:09.345,40.987313,40.923782
2024-06-01 11:44:09.857,40.987313,40.932236
2024-06-01 11:44:10.369,40.987313,40.932236
2024-06-01 11:44:10.881,40.987313,40.932236
2024-06-01 11:44:11.393,40.987313,40.932236
2024-06-01 11:44:11.905,40.987313,40.923782
2024-06-01 11:44:12.417,40.916476,40.923782
2024-06-01 11:44:12.929,40.916476,40.923782
2024-06-01 11:44:13.441,40.916476,40.923782
2024-06-01 11:44:13.953,40.916476,40.932236
2024-06-01 11:44:14.465,40.987313,40.932236
2024-06-01 11:44:14.977,40.987313,40.932236
2024-06-01 11:44:15.489,40.987313,40.932236
2024-06-01 11:44:16.001,40.987313,40.923782
2024-06-01 11:44:16.513,40.987313,40.923782
2024-06-01 11:44:17.025,40.987313,40.923782
2024-06-01 11:44:17.537,40.987313,40.923782
2024-06-01 11:44:18.049,40.987313,40.923782
2024-06-01 11:44:18.561,40.987313,40.923782
2024-06-01 11:44:19.073,40.987313,40.923782
2024-06-01 11:44:19.585,40.987313,40.923782
2024-06-01 11:44:20.097,40.987313,40.932236
2024-06-01 11:44:20.609,40.987313,40.932236
2024-06-01 11:44:21.121,40.987313,40.932236
2024-06-01 11:44:21.633,40.987313,40.932236
2024-06-01 11:44:22.145,40.987313,40.932236
2024-06-01 11:44:22.657,40.987313,40.932236
2024-06-01 11:44:23.169,40.987313,40.932236
2024-06-01 11:44:23.681,40.987313,40.932236
2024-06-01 11:44:24.193,40.987313,40.932236
2024-06-01 11:44:24.705,40.987313,40.932236
2024-06-01 11:44:25.217,40.987313,40.932236
2024-06-01 11:44:25.729,40.987313,40.932236
2024-06-01 11:44:26.241,40.987313,40.923782
2024-06-01 11:44:26.753,40.987313,40.923782
2024-06-01 11:44:27.265,40.987313,40.923782
2024-06-01 11:44:27.777,40.987313,40.923782
2024-06-01 11:44:28.289,40.987313,40.932236
2024-06-01 11:44:28.801,40.987313,40.932236
2024-06-01 11:44:29.313,40.987313,40.932236
2024-06-01 11:44:29.825,40.987313,40.932236
2024-06-01 11:44:30.337,40.987313,40.932236
2024-06-01 11:44:30.849,40.987313,40.932236
2024-06-01 11:44:31.361,40.987313,40.968758
2024-06-01 11:44:31.873,40.987313,40.968758
2024-06-01 11:44:32.385,40.987313,40.973995
2024-06-01 11:44:32.897,40.987313,40.973995
2024-06-01 11:44:33.409,40.987313,40.973995
2024-06-01 11:44:33.921,40.987313,40.973995
2024-06-01 11:44:34.433,40.987313,40.973995
2024-06-01 11:44:34.945,40.987313,40.973995
2024-06-01 11:44:35.457,40.987313,40.973995
2024-06-01 11:44:35.969,40.987313,40.973995
2024-06-01 11:44:36.481,40.987313,40.97923
2024-06-01 11:44:36.993,40.987313,40.97923
2024-06-01 11:44:37.505,40.987313,40.97923
2024-06-01 11:44:38.017,40.987313,40.97923
2024-06-01 11:44:38.529,40.987313,40.968758
2024-06-01 11:44:39.041,40.987313,40.968758
2024-06-01 11:44:39.553,40.987313,40.968758
2024-06-01 11:44:40.065,40.987313,40.968758
2024-06-01 11:44:40.577,40.987313,40.968758
2024-06-01 11:44:41.089,40.987313,40.968758
2024-06-01 11:44:41.601,40.987313,40.968758
2024-06-01 11:44:42.113,40.987313,40.968758
2024-06-01 11:44:42.625,40.987313,40.973995
2024-06-01 11:44:43.137,40.987313,40.973995
2024-06-01 11:44:43.649,40.987313,40.973995
2024-06-01 11:44:44.161,40.987313,40.973995
2024-06-01 11:44:44.673,40.987313,40.963524
2024-06-01 11:44:45.185,40.987313,40.963524
2024-06-01 11:44:45.697,40.987313,40.963524
2024-06-01 11:44:46.209,40.987313,40.963524
2024-06-01 11:44:46.721,40.987313,40.968758
2024-06-01 11:44:47.233,40.916476,40.968758
2024-06-01 11:44:47.745,40.916476,40.968758
2024-06-01 11:44:48.257,40.916476,40.968758
2024-06-01 11:44:48.769,40.916476,40.96311
2024-06-01 11:44:49.281,40.916476,40.96311
2024-06-01 11:44:49.793,40.916476,40.96311
2024-06-01 11:44:50.305,40.916476,40.96311
2024-06-01 11:44:50.817,40.916476,40.960953
2024-06-01 11:44:51.329,40.916476,40.960953
2024-06-01 11:44:51.841,40.916476,40.960953
2024-06-01 11:44:52.353,40.916476,40.960953
2024-06-01 11:44:52.865,40.916476,40.960953
2024-06-01 11:44:53.377,40.916476,40.960953
2024-06-01 11:44:53.889,40.916476,40.960953
2024-06-01 11:44:54.401,40.916476,40.960953
2024-06-01 11:44:54.913,40.916476,40.960953
2024-06-01 11:44:55.425,40.916476,40.960953
2024-06-01 11:44:55.937,40.916476,40.960953
2024-06-01 11:44:56.449,40.916476,40.960953
2024-06-01 11:44:56.961,40.916476,40.963524
2024-06-01 11:44:57.473,40.916476,40.963524
2024-06-01 11:44:57.985,40.916476,40.963524
2024-06-01 11:44:58.497,40.916476,40.963524
2024-06-01 11:44:59.009,40.916476,40.960953
2024-06-01 11:44:59.521,40.916476,40.960953
2024-06-01 11:45:00.033,40.916476,40.960953
2024-06-01 11:45:00.545,40.916476,40.960953
2024-06-01 11:45:01.057,40.916476,40.96311
2024-06-01 11:45:01.569,40.987313,40.96311
2024-06-01 11:45:02.081,40.987313,40.96311
2024-06-01 11:45:02.593,40.987313,40.96311
2024-06-01 11:45:03.105,40.987313,40.963524
2024-06-01 11:45:03.617,40.916476,40.963524
2024-06-01 11:45:04.129,40.916476,40.963524
2024-06-01 11:45:04.641,40.916476,40.963524
2024-06-01 11:45:05.153,40.916476,40.963524
2024-06-01 11:45:05.665,40.916476,40.963524
2024-06-01 11:45:06.177,40.916476,40.963524
2024-06-01 11:45:06.689,40.916476,40.963524
2024-06-01 11:45:07.201,40.916476,40.968758
2024-06-01 11:45:07.713,40.916476,40.968758
2024-06-01 11:45:08.225,40.916476,40.968758
2024-06-01 11:45:08.737,40.916476,40.968758
2024-06-01 11:45:09.249,40.916476,40.963524
2024-06-01 11:45:09.761,40.916476,40.963524
2024-06-01 11:45:10.273,40.916476,40.963528
2024-06-01 11:45:10.785,40.916476,40.963528
2024-06-01 11:45:11.297,40.916476,40.963524
2024-06-01 11:45:11.809,40.987313,40.963524
2024-06-01 11:45:12.321,40.987313,40.963524
2024-06-01 11:45:12.833,40.987313,40.963524
2024-06-01 11:45:13.345,40.987313,40.963524
2024-06-01 11:45:13.857,40.916476,40.963524
2024-06-01 11:45:14.369,40.916476,40.963524
2024-06-01 11:45:14.881,40.916476,40.963524
2024-06-01 11:45:15.393,40.916476,40.963524
2024-06-01 11:45:15.904,40.916476,40.963524
2024-06-01 11:45:16.416,40.916476,40.963524
2024-06-01 11:45:16.928,40.916476,40.963524
2024-06-01 11:45:17.440,40.916476,40.963524
2024-06-01 11:45:17.952,40.916476,40.963524
2024-06-01 11:45:18.464,40.916476,40.963524
2024-06-01 11:45:18.976,40.916476,40.963524
2024-06-01 11:45:19.488,40.916476,40.963524
2024-06-01 11:45:20.000,40.916476,40.963524
2024-06-01 11:45:20.512,40.916476,40.963524
2024-06-01 11:45:21.024,40.916476,40.963524
2024-06-01 11:45:21.536,40.916476,40.963524
2024-06-01 11:45:22.048,40.916476,40.963524
2024-06-01 11:45:22.560,40.916476,40.963524
2024-06-01 11:45:23.072,40.916476,40.963524
2024-06-01 11:45:23.584,40.916476,40.963524
2024-06-01 11:45:24.096,40.84564,40.963524
2024-06-01 11:45:24.608,40.84564,40.963524
2024-06-01 11:45:25.120,40.84564,40.963524
2024-06-01 11:45:25.632,40.84564,40.968758
2024-06-01 11:45:26.144,40.84564,40.968758
2024-06-01 11:45:26.656,40.84564,40.96876
2024-06-01 11:45:27.168,40.84564,40.96876
2024-06-01 11:45:27.680,40.84564,40.982323
2024-06-01 11:45:28.192,40.84564,40.101364
2024-06-01 11:45:28.704,40.84564,40.101364
2024-06-01 11:45:29.216,40.84564,40.982323
2024-06-01 11:45:29.728,40.84564,40.972717
2024-06-01 11:45:30.240,40.916476,40.972717
2024-06-01 11:45:30.752,40.916476,40.972717
2024-06-01 11:45:31.264,40.916476,40.972717
2024-06-01 11:45:31.776,40.916476,40.972717
2024-06-01 11:45:32.288,40.84564,40.599106
2024-06-01 11:45:32.800,40.84564,40.599106
2024-06-01 11:45:33.312,40.84564,40.972717
2024-06-01 11:45:33.824,40.84564,40.96311
2024-06-01 11:45:34.336,40.84564,40.441605
2024-06-01 11:45:34.848,40.84564,40.441605
2024-06-01 11:45:35.360,40.84564,40.96311
2024-06-01 11:45:35.872,40.84564,40.982323
2024-06-01 11:45:36.384,40.916476,40.982323
2024-06-01 11:45:36.896,40.916476,40.98584
2024-06-01 11:45:37.408,40.916476,40.98584
2024-06-01 11:45:37.920,40.916476,40.98584
2024-06-01 11:45:38.432,40.916476,40.98584
2024-06-01 11:45:38.944,40.916476,40.98584
2024-06-01 11:45:39.456,40.916476,40.98584
2024-06-01 11:45:39.968,40.916476,40.975983
2024-06-01 11:45:40.480,40.916476,40.975983
2024-06-01 11:45:40.992,40.916476,40.975983
2024-06-01 11:45:41.504,40.916476,40.975983
2024-06-01 11:45:42.016,40.916476,40.98584
2024-06-01 11:45:42.528,40.916476,40.98584
2024-06-01 11:45:43.040,40.916476,40.98584
2024-06-01 11:45:43.552,40.916476,40.98584
2024-06-01 11:45:44.064,40.916476,40.96494
2024-06-01 11:45:44.576,40.84564,40.41468
2024-06-01 11:45:45.088,40.84564,40.41468
2024-06-01 11:45:45.600,40.84564,40.96494
2024-06-01 11:45:46.112,40.84564,40.975983
2024-06-01 11:45:46.624,40.84564,40.975983
2024-06-01 11:45:47.136,40.84564,40.975983
2024-06-01 11:45:47.648,40.84564,40.581623
2024-06-01 11:45:48.160,40.84564,40.581623
2024-06-01 11:45:48.672,40.916476,40.975983
2024-06-01 11:45:49.184,40.916476,40.975983
2024-06-01 11:45:49.696,40.916476,40.975983
2024-06-01 11:45:50.208,40.916476,41.009445
2024-06-01 11:45:50.720,40.916476,41.009445
2024-06-01 11:45:51.232,40.916476,41.009445
2024-06-01 11:45:51.744,40.916476,41.009445
2024-06-01 11:45:52.256,40.916476,40.999428
2024-06-01 11:45:52.768,40.916476,40.999428
2024-06-01 11:45:53.280,40.916476,40.999428
2024-06-01 11:45:53.792,40.916476,40.999428
2024-06-01 11:45:54.304,40.916476,40.999428
2024-06-01 11:45:54.816,40.916476,40.999428
2024-06-01 11:45:55.328,40.916476,40.999428
2024-06-01 11:45:55.840,40.916476,40.999428
2024-06-01 11:45:56.352,40.916476,41.009445
2024-06-01 11:45:56.864,40.916476,41.009445
2024-06-01 11:45:57.376,40.916476,41.009445
2024-06-01 11:45:57.888,40.916476,41.009445
2024-06-01 11:45:58.400,40.916476,41.019466
2024-06-01 11:45:58.912,40.916476,41.019466
2024-06-01 11:45:59.424,40.916476,41.019463
2024-06-01 11:45:59.936,40.916476,41.019463
2024-06-01 11:46:00.448,40.916476,41.04283
2024-06-01 11:46:00.960,40.916476,41.04283
2024-06-01 11:46:01.472,40.916476,41.04283
2024-06-01 11:46:01.984,40.916476,41.04283
2024-06-01 11:46:02.496,40.916476,41.009445
2024-06-01 11:46:03.008,40.916476,41.009445
2024-06-01 11:46:03.520,40.916476,41.009445
2024-06-01 11:46:04.032,40.916476,41.009445
2024-06-01 11:46:04.544,40.916476,40.999428
2024-06-01 11:46:05.056,40.916476,40.999428
2024-06-01 11:46:05.568,40.916476,40.999428
2024-06-01 11:46:06.080,40.916476,40.999428
2024-06-01 11:46:06.592,40.916476,41.009445
2024-06-01 11:46:07.104,40.916476,41.009445
2024-06-01 11:46:07.616,40.916476,41.009445
2024-06-01 11:46:08.128,40.916476,41.009445
2024-06-01 11:46:08.640,40.916476,41.009445
2024-06-01 11:46:09.152,40.916476,41.009445
2024-06-01 11:46:09.664,40.916476,41.00473
2024-06-01 11:46:10.176,40.916476,41.00473
2024-06-01 11:46:10.688,40.916476,41.00473
2024-06-01 11:46:11.200,40.916476,41.00473
2024-06-01 11:46:11.712,40.916476,41.00473
2024-06-01 11:46:12.224,40.916476,41.00473
2024-06-01 11:46:12.736,40.916476,41.00473
2024-06-01 11:46:13.248,40.916476,41.00473
2024-06-01 11:46:13.760,40.916476,41.00473
2024-06-01 11:46:14.272,40.916476,41.00473
2024-06-01 11:46:14.784,40.916476,41.00473
2024-06-01 11:46:15.296,40.916476,41.00473
2024-06-01 11:46:15.808,40.916476,41.00473
2024-06-01 11:46:16.320,40.916476,41.00473
2024-06-01 11:46:16.832,40.916476,41.016994
2024-06-01 11:46:17.344,40.916476,40.506527
2024-06-01 11:46:17.856,40.916476,40.506527
2024-06-01 11:46:18.368,40.916476,41.016994
2024-06-01 11:46:18.880,40.916476,41.016994
2024-06-01 11:46:19.392,40.916476,41.016994
2024-06-01 11:46:19.904,40.916476,41.016994
2024-06-01 11:46:20.416,40.916476,41.016994
2024-06-01 11:46:20.928,40.916476,41.01103
2024-06-01 11:46:21.440,40.84564,41.01103
2024-06-01 11:46:21.952,40.84564,41.01103
2024-06-01 11:46:22.464,40.84564,41.01103
2024-06-01 11:46:22.976,40.84564,40.972794
2024-06-01 11:46:23.488,40.916476,40.972794
2024-06-01 11:46:24.000,40.916476,40.972794
2024-06-01 11:46:24.512,40.916476,40.972794
2024-06-01 11:46:25.024,40.916476,40.97251
2024-06-01 11:46:25.536,40.916476,40.97251
2024-06-01 11:46:26.048,40.916476,40.97251
2024-06-01 11:46:26.560,40.916476,40.97251
2024-06-01 11:46:27.072,40.916476,40.973595
2024-06-01 11:46:27.584,40.916476,40.973595
2024-06-01 11:46:28.096,40.916476,40.973595
2024-06-01 11:46:28.608,40.916476,40.973595
2024-06-01 11:46:29.120,40.916476,40.972794
2024-06-01 11:46:29.632,40.916476,40.972794
2024-06-01 11:46:30.144,40.916476,40.972794
2024-06-01 11:46:30.656,40.916476,40.972794
2024-06-01 11:46:31.168,40.916476,40.97251
2024-06-01 11:46:31.680,40.916476,40.97251
2024-06-01 11:46:32.192,40.916476,40.972515
2024-06-01 11:46:32.704,40.916476,40.972515
2024-06-01 11:46:33.216,40.916476,40.97251
2024-06-01 11:46:33.728,40.916476,40.97251
2024-06-01 11:46:34.240,40.916476,40.97251
2024-06-01 11:46:34.752,40.916476,40.97251
2024-06-01 11:46:35.264,40.916476,40.972794
2024-06-01 11:46:35.776,40.916476,40.972794
2024-06-01 11:46:36.288,40.916476,40.972794
2024-06-01 11:46:36.800,40.916476,40.972794
2024-06-01 11:46:37.312,40.916476,40.97393
2024-06-01 11:46:37.824,40.916476,40.97393
2024-06-01 11:46:38.336,40.916476,40.97393
2024-06-01 11:46:38.848,40.916476,40.97393
2024-06-01 11:46:39.360,40.916476,40.97251
2024-06-01 11:46:39.872,40.916476,40.97251
2024-06-01 11:46:40.384,40.916476,40.97251
2024-06-01 11:46:40.896,40.916476,40.97251
2024-06-01 11:46:41.408,40.916476,40.973595
2024-06-01 11:46:41.920,40.916476,40.973595
2024-06-01 11:46:42.432,40.916476,40.980804
2024-06-01 11:46:42.944,40.916476,40.980804
2024-06-01 11:46:43.456,40.916476,40.942802
2024-06-01 11:46:43.968,40.916476,40.942802
2024-06-01 11:46:44.480,40.916476,40.942802
2024-06-01 11:46:44.992,40.916476,40.942802
2024-06-01 11:46:45.504,40.916476,40.931908
2024-06-01 11:46:46.016,40.916476,40.931908
2024-06-01 11:46:46.528,40.916476,40.931908
2024-06-01 11:46:47.040,40.916476,40.931908
2024-06-01 11:46:47.552,40.916476,40.931908
2024-06-01 11:46:48.063,40.916476,40.931908
2024-06-01 11:46:48.575,40.916476,40.931904
2024-06-01 11:46:49.087,40.916476,40.931904
2024-06-01 11:46:49.599,40.916476,40.942802
2024-06-01 11:46:50.111,40.916476,40.942802
2024-06-01 11:46:50.623,40.916476,40.942802
2024-06-01 11:46:51.135,40.916476,40.942802
2024-06-01 11:46:51.647,40.916476,40.980804
2024-06-01 11:46:52.159,40.916476,40.980804
2024-06-01 11:46:52.671,40.916476,40.980804
2024-06-01 11:46:53.183,40.916476,40.980804
2024-06-01 11:46:53.695,40.916476,40.91858
2024-06-01 11:46:54.207,40.916476,40.91858
2024-06-01 11:46:54.719,40.916476,40.91858
2024-06-01 11:46:55.231,40.916476,40.91858
2024-06-01 11:46:55.743,40.916476,40.931908
2024-06-01 11:46:56.255,40.916476,40.931908
2024-06-01 11:46:56.767,40.916476,40.931908
2024-06-01 11:46:57.279,40.916476,40.931908
2024-06-01 11:46:57.791,40.916476,40.931908
2024-06-01 11:46:58.303,40.916476,40.931908
2024-06-01 11:46:58.815,40.916476,40.931908
2024-06-01 11:46:59.327,40.916476,40.931908
2024-06-01 11:46:59.839,40.916476,40.980804
2024-06-01 11:47:00.351,40.916476,40.980804
2024-06-01 11:47:00.863,40.916476,40.980804
2024-06-01 11:47:01.375,40.916476,40.980804
2024-06-01 11:47:01.887,40.916476,40.96765
2024-06-01 11:47:02.399,40.916476,40.96765
2024-06-01 11:47:02.911,40.916476,40.96765
2024-06-01 11:47:03.423,40.916476,40.96765
2024-06-01 11:47:03.935,40.916476,40.931908
2024-06-01 11:47:04.447,40.916476,40.931908
2024-06-01 11:47:04.959,40.916476,40.931904
2024-06-01 11:47:05.471,40.916476,40.931904
2024-06-01 11:47:05.983,40.916476,40.91858
2024-06-01 11:47:06.495,40.916476,40.91858
2024-06-01 11:47:07.007,40.916476,40.91858
2024-06-01 11:47:07.519,40.916476,40.91858
2024-06-01 11:47:08.031,40.916476,40.942802
2024-06-01 11:47:08.543,40.916476,40.942802
2024-06-01 11:47:09.055,40.916476,40.942802
2024-06-01 11:47:09.567,40.916476,40.942802
2024-06-01 11:47:10.079,40.916476,40.96765
2024-06-01 11:47:10.591,40.916476,40.96765
2024-06-01 11:47:11.103,40.916476,40.96765
2024-06-01 11:47:11.615,40.916476,40.96765
2024-06-01 11:47:12.127,40.916476,40.96765
2024-06-01 11:47:12.639,40.916476,40.96765
2024-06-01 11:47:13.151,40.916476,40.96765
2024-06-01 11:47:13.663,40.916476,40.96765
2024-06-01 11:47:14.175,40.916476,40.931908
2024-06-01 11:47:14.687,40.916476,40.931908
2024-06-01 11:47:15.199,40.916476,40.931908
2024-06-01 11:47:15.711,40.916476,40.931908
2024-06-01 11:47:16.223,40.916476,40.931908
2024-06-01 11:47:16.735,40.916476,40.931908
2024-06-01 11:47:17.247,40.916476,40.931908
2024-06-01 11:47:17.759,40.916476,40.931908
2024-06-01 11:47:18.271,40.916476,40.942802
2024-06-01 11:47:18.783,40.916476,40.942802
2024-06-01 11:47:19.295,40.916476,40.942802
2024-06-01 11:47:19.807,40.916476,40.942802
2024-06-01 11:47:20.319,40.916476,40.96765
2024-06-01 11:47:20.831,40.916476,40.96765
2024-06-01 11:47:21.343,40.916476,40.96765
2024-06-01 11:47:21.855,40.916476,40.96765
2024-06-01 11:47:22.367,40.916476,40.96765
2024-06-01 11:47:22.879,40.916476,40.96765
2024-06-01 11:47:23.391,40.916476,40.96765
2024-06-01 11:47:23.903,40.916476,40.96765
2024-06-01 11:47:24.415,40.916476,40.931908
2024-06-01 11:47:24.927,40.916476,40.931908
2024-06-01 11:47:25.439,40.916476,40.931908
2024-06-01 11:47:25.951,40.916476,40.931908
2024-06-01 11:47:26.463,40.916476,40.942802
2024-06-01 11:47:26.975,40.916476,40.942802
2024-06-01 11:47:27.487,40.916476,40.942802
2024-06-01 11:47:27.999,40.916476,40.942802
2024-06-01 11:47:28.511,40.916476,40.942802
2024-06-01 11:47:29.023,40.916476,40.942802
2024-06-01 11:47:29.535,40.916476,40.942802
2024-06-01 11:47:30.047,40.916476,40.942802
2024-06-01 11:47:30.559,40.916476,40.931908
2024-06-01 11:47:31.071,40.916476,40.931908
2024-06-01 11:47:31.583,40.916476,40.931908
2024-06-01 11:47:32.095,40.916476,40.931908
2024-06-01 11:47:32.607,40.916476,40.96765
2024-06-01 11:47:33.119,40.916476,40.96765
2024-06-01 11:47:33.631,40.916476,40.96765
2024-06-01 11:47:34.143,40.916476,40.96765
2024-06-01 11:47:34.655,40.916476,40.931908
2024-06-01 11:47:35.167,40.916476,40.931908
2024-06-01 11:47:35.679,40.916476,40.931908
2024-06-01 11:47:36.191,40.916476,40.931908
2024-06-01 11:47:36.703,40.916476,40.96765
2024-06-01 11:47:37.215,40.916476,40.96765
2024-06-01 11:47:37.727,40.916476,40.96765
2024-06-01 11:47:38.239,40.916476,40.96765
2024-06-01 11:47:38.751,40.916476,40.91858
2024-06-01 11:47:39.263,40.916476,40.91858
2024-06-01 11:47:39.775,40.916476,40.91858
2024-06-01 11:47:40.287,40.916476,40.91858
2024-06-01 11:47:40.799,40.916476,40.91858
2024-06-01 11:47:41.311,40.916476,40.91858
2024-06-01 11:47:41.823,40.916476,40.91858
2024-06-01 11:47:42.335,40.916476,40.91858
2024-06-01 11:47:42.847,40.916476,40.96765
2024-06-01 11:47:43.359,40.916476,40.96765
2024-06-01 11:47:43.871,40.916476,40.96765
2024-06-01 11:47:44.383,40.916476,40.96765
2024-06-01 11:47:44.895,40.916476,40.942802
2024-06-01 11:47:45.407,40.916476,40.942802
2024-06-01 11:47:45.919,40.916476,40.942802
2024-06-01 11:47:46.431,40.916476,40.942802
2024-06-01 11:47:46.943,40.916476,40.931908
2024-06-01 11:47:47.455,40.916476,40.931908
2024-06-01 11:47:47.967,40.916476,40.931908
2024-06-01 11:47:48.479,40.916476,40.931908
2024-06-01 11:47:48.991,40.916476,40.91858
2024-06-01 11:47:49.503,40.916476,40.91858
2024-06-01 11:47:50.015,40.916476,40.91858
2024-06-01 11:47:50.527,40.916476,40.91858
2024-06-01 11:47:51.039,40.916476,40.931908
2024-06-01 11:47:51.551,40.916476,40.931908
2024-06-01 11:47:52.063,40.916476,40.931908
2024-06-01 11:47:52.575,40.916476,40.931908
2024-06-01 11:47:53.087,40.916476,40.942802
2024-06-01 11:47:53.599,40.916476,40.942802
2024-06-01 11:47:54.111,40.916476,40.942802
2024-06-01 11:47:54.623,40.916476,40.942802
2024-06-01 11:47:55.135,40.916476,40.931908
2024-06-01 11:47:55.647,40.916476,40.931908
2024-06-01 11:47:56.159,40.916476,40.931908
2024-06-01 11:47:56.671,40.916476,40.931908
2024-06-01 11:47:57.183,40.916476,40.931908
2024-06-01 11:47:57.695,40.916476,40.931908
2024-06-01 11:47:58.207,40.916476,40.931908
2024-06-01 11:47:58.719,40.916476,40.931908
2024-06-01 11:47:59.231,40.916476,40.931908
2024-06-01 11:47:59.743,40.916476,40.931908
2024-06-01 11:48:00.255,40.916476,40.931908
2024-06-01 11:48:00.767,40.916476,40.931908
2024-06-01 11:48:01.279,40.916476,40.931908
2024-06-01 11:48:01.791,40.916476,40.931908
2024-06-01 11:48:02.303,40.916476,40.931908
2024-06-01 11:48:02.815,40.916476,40.931908
2024-06-01 11:48:03.327,40.916476,40.96765
2024-06-01 11:48:03.839,40.916476,40.96765
2024-06-01 11:48:04.351,40.916476,40.96765
2024-06-01 11:48:04.863,40.916476,40.96765
2024-06-01 11:48:05.375,40.916476,40.931908
2024-06-01 11:48:05.887,40.916476,40.931908
2024-06-01 11:48:06.399,40.916476,40.931908
2024-06-01 11:48:06.911,40.916476,40.931908
2024-06-01 11:48:07.423,40.916476,40.91858
2024-06-01 11:48:07.935,40.916476,40.91858
2024-06-01 11:48:08.447,40.916476,40.91858
2024-06-01 11:48:08.959,40.916476,40.91858
2024-06-01 11:48:09.471,40.916476,40.91858
2024-06-01 11:48:09.983,40.916476,40.91858
2024-06-01 11:48:10.495,40.916476,40.91858
2024-06-01 11:48:11.007,40.916476,40.91858
2024-06-01 11:48:11.519,40.916476,40.91858
2024-06-01 11:48:12.031,40.916476,40.91858
2024-06-01 11:48:12.543,40.916476,40.91858
2024-06-01 11:48:13.055,40.916476,40.91858
2024-06-01 11:48:13.567,40.916476,40.931908
2024-06-01 11:48:14.079,40.916476,40.931908
2024-06-01 11:48:14.591,40.916476,40.931908
2024-06-01 11:48:15.103,40.916476,40.931908
2024-06-01 11:48:15.615,40.916476,40.91858
2024-06-01 11:48:16.127,40.916476,40.91858
2024-06-01 11:48:16.639,40.916476,40.91858
2024-06-01 11:48:17.151,40.916476,40.91858
2024-06-01 11:48:17.663,40.916476,40.931908
2024-06-01 11:48:18.175,40.916476,40.931908
2024-06-01 11:48:18.687,40.916476,40.931908
2024-06-01 11:48:19.199,40.916476,40.931908
2024-06-01 11:48:19.711,40.916476,40.91858
2024-06-01 11:48:20.223,40.916476,40.91858
2024-06-01 11:48:20.734,40.916476,40.898552
2024-06-01 11:48:21.246,40.916476,40.898552
2024-06-01 11:48:21.758,40.916476,40.95318
2024-06-01 11:48:22.270,40.916476,40.95318
2024-06-01 11:48:22.782,40.916476,40.95318
2024-06-01 11:48:23.294,40.916476,40.95318
2024-06-01 11:48:23.806,40.916476,41.001465
2024-06-01 11:48:24.318,40.916476,41.001465
2024-06-01 11:48:24.830,40.916476,41.001465
2024-06-01 11:48:25.342,40.916476,41.001465
2024-06-01 11:48:25.854,40.916476,40.95318
2024-06-01 11:48:26.366,40.916476,40.95318
2024-06-01 11:48:26.878,40.916476,40.953175
2024-06-01 11:48:27.390,40.916476,40.953175
2024-06-01 11:48:27.902,40.916476,41.001465
2024-06-01 11:48:28.414,40.916476,41.001465
2024-06-01 11:48:28.926,40.916476,41.001465
2024-06-01 11:48:29.438,40.916476,41.001465
2024-06-01 11:48:29.950,40.916476,41.001465
2024-06-01 11:48:30.462,40.916476,41.001465
2024-06-01 11:48:30.974,40.916476,41.001465
2024-06-01 11:48:31.486,40.916476,41.001465
2024-06-01 11:48:31.998,40.916476,40.98053
2024-06-01 11:48:32.510,40.916476,40.98053
2024-06-01 11:48:33.022,40.916476,40.98053
2024-06-01 11:48:33.534,40.916476,40.98053
2024-06-01 11:48:34.046,40.916476,41.001465
2024-06-01 11:48:34.558,40.916476,41.001465
2024-06-01 11:48:35.070,40.916476,41.001465
2024-06-01 11:48:35.582,40.916476,41.001465
2024-06-01 11:48:36.094,40.916476,40.98053
2024-06-01 11:48:36.606,40.916476,40.98053
2024-06-01 11:48:37.118,40.916476,40.98053
2024-06-01 11:48:37.630,40.916476,40.98053
2024-06-01 11:48:38.142,40.916476,40.98053
2024-06-01 11:48:38.654,40.84564,40.98053
2024-06-01 11:48:39.166,40.84564,40.98053
2024-06-01 11:48:39.678,40.84564,40.950493
2024-06-01 11:48:40.190,40.84564,40.970192
2024-06-01 11:48:40.702,40.84564,41.001465
2024-06-01 11:48:41.214,40.84564,41.001465
2024-06-01 11:48:41.726,40.84564,41.001465
2024-06-01 11:48:42.238,40.84564,41.01345
2024-06-01 11:48:42.750,40.916476,41.01345
2024-06-01 11:48:43.262,40.916476,41.01345
2024-06-01 11:48:43.774,40.916476,41.01345
2024-06-01 11:48:44.286,40.916476,41.01345
2024-06-01 11:48:44.798,40.84564,41.01345
2024-06-01 11:48:45.310,40.84564,41.01345
2024-06-01 11:48:45.822,40.84564,41.01345
2024-06-01 11:48:46.334,40.84564,40.98053
2024-06-01 11:48:46.846,40.84564,40.98053
2024-06-01 11:48:47.358,40.84564,40.98053
2024-06-01 11:48:47.870,40.84564,40.98053
2024-06-01 11:48:48.382,40.84564,41.001465
2024-06-01 11:48:48.894,40.84564,41.001465
2024-06-01 11:48:49.406,40.84564,41.001465
2024-06-01 11:48:49.918,40.84564,41.001465
2024-06-01 11:48:50.430,40.84564,41.01345
2024-06-01 11:48:50.942,40.84564,41.01345
2024-06-01 11:48:51.454,40.84564,41.01345
2024-06-01 11:48:51.966,40.84564,41.01345
2024-06-01 11:48:52.478,40.84564,40.98053
2024-06-01 11:48:52.990,40.84564,40.98053
2024-06-01 11:48:53.502,40.84564,40.98053
2024-06-01 11:48:54.014,40.84564,40.98053
2024-06-01 11:48:54.526,40.84564,40.91659
2024-06-01 11:48:55.038,40.84564,40.91659
2024-06-01 11:48:55.550,40.84564,40.91659
2024-06-01 11:48:56.062,40.84564,40.91659
2024-06-01 11:48:56.574,40.84564,40.91659
2024-06-01 11:48:57.086,40.84564,40.91659
2024-06-01 11:48:57.598,40.84564,40.91659
2024-06-01 11:48:58.110,40.84564,40.82943
2024-06-01 11:48:58.622,40.84564,40.82943
2024-06-01 11:48:59.134,40.774804,40.62276
2024-06-01 11:48:59.646,40.774804,40.62276
2024-06-01 11:49:00.158,40.774804,40.37584
2024-06-01 11:49:00.670,40.774804,40.37179
2024-06-01 11:49:01.182,40.703968,40.274014
2024-06-01 11:49:01.694,40.703968,40.274014
2024-06-01 11:49:02.206,40.703968,40.223824
2024-06-01 11:49:02.718,40.703968,40.201866
2024-06-01 11:49:03.230,40.633132,40.18631
2024-06-01 11:49:03.742,40.633132,40.18631
2024-06-01 11:49:04.254,40.633132,40.18631
2024-06-01 11:49:04.766,40.633132,40.2098
2024-06-01 11:49:05.278,40.633132,40.2098
2024-06-01 11:49:05.790,40.633132,40.2098
2024-06-01 11:49:06.302,40.633132,40.214264
2024-06-01 11:49:06.814,40.633132,40.190773
2024-06-01 11:49:07.326,40.633132,40.195244
2024-06-01 11:49:07.838,40.633132,40.195244
2024-06-01 11:49:08.350,40.633132,40.201866
2024-06-01 11:49:08.862,40.633132,40.201866
2024-06-01 11:49:09.374,40.633132,40.195244
2024-06-01 11:49:09.886,40.633132,40.195244
2024-06-01 11:49:10.398,40.633132,40.201866
2024-06-01 11:49:10.910,40.633132,40.201866
2024-06-01 11:49:11.422,40.633132,40.201866
2024-06-01 11:49:11.934,40.633132,40.201866
2024-06-01 11:49:12.446,40.633132,40.201866
2024-06-01 11:49:12.958,40.633132,40.223824
2024-06-01 11:49:13.470,40.633132,40.223824
2024-06-01 11:49:13.982,40.633132,40.223824
2024-06-01 11:49:14.494,40.633132,40.240246
2024-06-01 11:49:15.006,40.633132,40.240246
2024-06-01 11:49:15.518,40.633132,40.23179
2024-06-01 11:49:16.030,40.633132,40.23179
2024-06-01 11:49:16.542,40.633132,40.238274
2024-06-01 11:49:17.054,40.633132,40.238274
2024-06-01 11:49:17.566,40.633132,40.238274
2024-06-01 11:49:18.078,40.633132,40.238274
2024-06-01 11:49:18.590,40.633132,40.238274
2024-06-01 11:49:19.102,40.633132,40.238274
2024-06-01 11:49:19.614,40.703968,40.238274
2024-06-01 11:49:20.126,40.703968,40.238274
2024-06-01 11:49:20.638,40.703968,40.238274
2024-06-01 11:49:21.150,40.703968,40.238274
2024-06-01 11:49:21.662,40.703968,40.240246
2024-06-01 11:49:22.174,40.703968,40.240246
2024-06-01 11:49:22.686,40.703968,40.24898
2024-06-01 11:49:23.198,40.703968,40.25771
2024-06-01 11:49:23.710,40.633132,40.255257
2024-06-01 11:49:24.222,40.633132,40.255257
2024-06-01 11:49:24.734,40.633132,40.25771
2024-06-01 11:49:25.246,40.633132,40.25771
2024-06-01 11:49:25.758,40.633132,40.25771
2024-06-01 11:49:26.270,40.633132,40.25771
2024-06-01 11:49:26.782,40.633132,40.253853
2024-06-01 11:49:27.294,40.633132,40.253853
2024-06-01 11:49:27.806,40.703968,40.25771
2024-06-01 11:49:28.318,40.703968,40.25771
2024-06-01 11:49:28.830,40.703968,40.25771
2024-06-01 11:49:29.342,40.703968,40.25771
2024-06-01 11:49:29.854,40.633132,40.255257
2024-06-01 11:49:30.366,40.633132,40.255257
2024-06-01 11:49:30.878,40.633132,40.253853
2024-06-01 11:49:31.390,40.633132,40.28782
2024-06-01 11:49:31.902,40.633132,40.273724
2024-06-01 11:49:32.414,40.633132,40.273727
2024-06-01 11:49:32.926,40.633132,40.27369
2024-06-01 11:49:33.438,40.633132,40.26645
2024-06-01 11:49:33.950,40.633132,40.25771
2024-06-01 11:49:34.462,40.633132,40.25771
2024-06-01 11:49:34.974,40.633132,40.25771
2024-06-01 11:49:35.486,40.633132,40.24898
2024-06-01 11:49:35.998,40.633132,40.24898
2024-06-01 11:49:36.510,40.633132,40.24898
2024-06-01 11:49:37.022,40.633132,40.25772
2024-06-01 11:49:37.534,40.633132,40.26645
2024-06-01 11:49:38.046,40.633132,40.25771
2024-06-01 11:49:38.558,40.633132,40.25771
2024-06-01 11:49:39.070,40.633132,40.26645
2024-06-01 11:49:39.582,40.633132,40.25772
2024-06-01 11:49:40.094,40.633132,40.267235
2024-06-01 11:49:40.606,40.633132,40.267235
2024-06-01 11:49:41.118,40.633132,40.24898
2024-06-01 11:49:41.630,40.633132,40.25771
2024-06-01 11:49:42.142,40.633132,40.26645
2024-06-01 11:49:42.654,40.633132,40.26645
2024-06-01 11:49:43.166,40.633132,40.26645
2024-06-01 11:49:43.678,40.633132,40.25772
2024-06-01 11:49:44.190,40.633132,40.240246
2024-06-01 11:49:44.702,40.633132,40.240246
2024-06-01 11:49:45.214,40.633132,40.25772
2024-06-01 11:49:45.726,40.633132,40.24899
2024-06-01 11:49:46.238,40.633132,40.26258
2024-06-01 11:49:46.750,40.633132,40.26258
2024-06-01 11:49:47.262,40.633132,40.26258
2024-06-01 11:49:47.774,40.633132,40.26258
2024-06-01 11:49:48.286,40.633132,40.26258
2024-06-01 11:49:48.798,40.633132,40.262573
2024-06-01 11:49:49.310,40.633132,40.248993
2024-06-01 11:49:49.822,40.633132,40.24899
2024-06-01 11:49:50.334,40.633132,40.240257
2024-06-01 11:49:50.846,40.633132,40.240257
2024-06-01 11:49:51.358,40.633132,40.26258
2024-06-01 11:49:51.870,40.633132,40.267235
2024-06-01 11:49:52.382,40.633132,40.24898
2024-06-01 11:49:52.893,40.633132,40.24898
2024-06-01 11:49:53.405,40.633132,40.267235
2024-06-01 11:49:53.917,40.633132,40.260216
2024-06-01 11:49:54.429,40.633132,40.235413
2024-06-01 11:49:54.941,40.633132,40.235413
2024-06-01 11:49:55.453,40.633132,40.260216
2024-06-01 11:49:55.965,40.633132,40.26258
2024-06-01 11:49:56.477,40.633132,40.26258
2024-06-01 11:49:56.989,40.633132,40.26258
2024-06-01 11:49:57.501,40.633132,40.26258
2024-06-01 11:49:58.013,40.633132,40.26258
2024-06-01 11:49:58.525,40.633132,40.24899
2024-06-01 11:49:59.037,40.633132,40.24899
2024-06-01 11:49:59.549,40.633132,40.26258
2024-06-01 11:50:00.061,40.633132,40.2678
2024-06-01 11:50:00.573,40.633132,40.25771
2024-06-01 11:50:01.085,40.633132,40.25771
2024-06-01 11:50:01.597,40.633132,40.2678
2024-06-01 11:50:02.109,40.633132,40.2678
2024-06-01 11:50:02.621,40.633132,40.26645
2024-06-01 11:50:03.133,40.633132,40.26645
2024-06-01 11:50:03.645,40.633132,40.26645
2024-06-01 11:50:04.157,40.633132,40.25772
2024-06-01 11:50:04.669,40.633132,40.25772
2024-06-01 11:50:05.181,40.633132,40.257717
2024-06-01 11:50:05.693,40.633132,40.274017
2024-06-01 11:50:06.205,40.633132,40.274014
2024-06-01 11:50:06.717,40.633132,40.25772
2024-06-01 11:50:07.229,40.633132,40.25772
2024-06-01 11:50:07.741,40.633132,40.25772
2024-06-01 11:50:08.253,40.633132,40.24899
2024-06-01 11:50:08.765,40.633132,40.26258
2024-06-01 11:50:09.277,40.633132,40.26258
2024-06-01 11:50:09.789,40.633132,40.26258
2024-06-01 11:50:10.301,40.633132,40.267235
2024-06-01 11:50:10.813,40.633132,40.25772
2024-06-01 11:50:11.325,40.633132,40.25772
2024-06-01 11:50:11.837,40.633132,40.288025
2024-06-01 11:50:12.349,40.633132,40.288025
2024-06-01 11:50:12.861,40.633132,40.25772
2024-06-01 11:50:13.373,40.633132,40.25772
2024-06-01 11:50:13.885,40.633132,40.645256
2024-06-01 11:50:14.397,40.633132,40.343105
2024-06-01 11:50:14.909,39.995607,36.841404
2024-06-01 11:50:15.421,39.995607,36.841404
2024-06-01 11:50:15.933,39.995607,37.311443
2024-06-01 11:50:16.445,39.995607,32.82538
2024-06-01 11:50:16.957,39.995607,32.85359
2024-06-01 11:50:17.469,39.995607,32.85359
2024-06-01 11:50:17.981,39.995607,32.86708
2024-06-01 11:50:18.493,39.995607,33.086876
2024-06-01 11:50:19.005,39.995607,33.098156
2024-06-01 11:50:19.517,39.995607,33.098156
2024-06-01 11:50:20.029,39.995607,33.057453
2024-06-01 11:50:20.541,39.995607,33.09163
2024-06-01 11:50:21.053,39.995607,33.077164
2024-06-01 11:50:21.565,39.995607,33.077164
2024-06-01 11:50:22.077,39.995607,33.154373
2024-06-01 11:50:22.589,39.995607,32.584206
2024-06-01 11:50:23.101,39.995607,32.58252
2024-06-01 11:50:23.613,39.995607,32.58252
2024-06-01 11:50:24.125,39.995607,32.585876
2024-06-01 11:50:24.637,39.995607,33.109447
2024-06-01 11:50:25.149,39.995607,33.109447
2024-06-01 11:50:25.661,39.995607,33.109447
2024-06-01 11:50:26.173,39.995607,33.19863
2024-06-01 11:50:26.685,39.995607,32.700405
2024-06-01 11:50:27.197,39.995607,32.720238
2024-06-01 11:50:27.709,39.995607,32.720238
2024-06-01 11:50:28.221,39.995607,32.681942
2024-06-01 11:50:28.733,39.995607,33.16147
2024-06-01 11:50:29.245,39.924771,33.084988
2024-06-01 11:50:29.757,39.924771,33.084988
2024-06-01 11:50:30.269,39.924771,32.98169
2024-06-01 11:50:30.781,39.924771,32.919197
2024-06-01 11:50:31.293,39.924771,32.919197
2024-06-01 11:50:31.805,39.924771,34.570107
2024-06-01 11:50:32.317,39.924771,34.752594
2024-06-01 11:50:32.829,39.924771,35.082497
2024-06-01 11:50:33.341,39.924771,34.86499
2024-06-01 11:50:33.853,39.924771,34.86499
2024-06-01 11:50:34.365,39.924771,35.026955
2024-06-01 11:50:34.877,39.924771,34.98139
2024-06-01 11:50:35.389,39.924771,34.82778
2024-06-01 11:50:35.901,39.924771,34.82778
2024-06-01 11:50:36.413,39.924771,34.789948
2024-06-01 11:50:36.925,39.924771,34.493546
2024-06-01 11:50:37.437,39.924771,34.563828
2024-06-01 11:50:37.949,39.924771,34.563828
2024-06-01 11:50:38.461,39.924771,34.493546
2024-06-01 11:50:38.973,39.924771,34.84245
2024-06-01 11:50:39.485,39.924771,34.831177
2024-06-01 11:50:39.997,39.924771,34.831177
2024-06-01 11:50:40.509,39.924771,35.13659
2024-06-01 11:50:41.021,39.924771,35.012714
2024-06-01 11:50:41.533,39.924771,34.682686
2024-06-01 11:50:42.045,39.924771,34.682686
2024-06-01 11:50:42.557,39.924771,34.863632
2024-06-01 11:50:43.069,39.924771,34.60647
2024-06-01 11:50:43.581,39.924771,34.62548
2024-06-01 11:50:44.093,39.924771,34.62548
2024-06-01 11:50:44.605,39.924771,34.631805
2024-06-01 11:50:45.117,39.924771,34.44623
2024-06-01 11:50:45.629,39.924771,34.447685
2024-06-01 11:50:46.141,39.924771,34.447685
2024-06-01 11:50:46.653,39.924771,34.44426
2024-06-01 11:50:47.165,39.924771,34.729286
2024-06-01 11:50:47.677,39.924771,34.74566
2024-06-01 11:50:48.189,39.924771,34.74566
2024-06-01 11:50:48.701,39.924771,34.69107
2024-06-01 11:50:49.213,39.924771,35.03763
2024-06-01 11:50:49.725,39.924771,34.981274
2024-06-01 11:50:50.237,39.924771,34.981274
2024-06-01 11:50:50.749,39.924771,35.188557
2024-06-01 11:50:51.261,39.924771,34.755684
2024-06-01 11:50:51.773,39.924771,34.646503
2024-06-01 11:50:52.285,39.924771,34.646503
2024-06-01 11:50:52.797,39.924771,34.646503
2024-06-01 11:50:53.309,39.924771,34.646503
2024-06-01 11:50:53.821,39.853935,34.60307
2024-06-01 11:50:54.333,39.853935,34.60307
2024-06-01 11:50:54.845,39.853935,34.632027
2024-06-01 11:50:55.357,39.853935,34.39222
2024-06-01 11:50:55.869,39.853935,34.337276
2024-06-01 11:50:56.381,39.853935,34.337276
2024-06-01 11:50:56.893,39.853935,34.338287
2024-06-01 11:50:57.405,39.853935,35.217678
2024-06-01 11:50:57.917,39.924771,35.1724
2024-06-01 11:50:58.429,39.924771,35.1724
2024-06-01 11:50:58.941,39.924771,35.276188
2024-06-01 11:50:59.453,39.924771,35.233044
2024-06-01 11:50:59.965,39.853935,35.086056
2024-06-01 11:51:00.477,39.853935,35.086056
2024-06-01 11:51:00.989,39.853935,35.153904
2024-06-01 11:51:01.501,39.853935,34.11122
2024-06-01 11:51:02.013,39.853935,34.073112
2024-06-01 11:51:02.525,39.853935,34.073112
2024-06-01 11:51:03.037,39.853935,34.063076
2024-06-01 11:51:03.549,39.853935,34.389122
2024-06-01 11:51:04.061,39.853935,34.42476
2024-06-01 11:51:04.573,39.853935,35.650284
2024-06-01 11:51:05.085,39.853935,35.633575
2024-06-01 11:51:05.597,39.853935,36.208084
2024-06-01 11:51:06.109,39.853935,36.27926
2024-06-01 11:51:06.621,39.853935,36.27926
2024-06-01 11:51:07.133,39.853935,36.25499
2024-06-01 11:51:07.645,39.853935,35.72227
2024-06-01 11:51:08.157,39.853935,35.749645
2024-06-01 11:51:08.669,39.853935,35.749645
2024-06-01 11:51:09.181,39.853935,35.74456
2024-06-01 11:51:09.693,39.853935,35.997543
2024-06-01 11:51:10.205,39.853935,35.95147
2024-06-01 11:51:10.717,39.853935,35.95147
2024-06-01 11:51:11.229,39.853935,35.94328
2024-06-01 11:51:11.741,39.853935,35.943275
2024-06-01 11:51:12.253,39.853935,35.978283
2024-06-01 11:51:12.765,39.853935,35.978283
2024-06-01 11:51:13.277,39.853935,35.970413
2024-06-01 11:51:13.789,39.853935,35.970413
2024-06-01 11:51:14.301,39.853935,35.986687
2024-06-01 11:51:14.813,39.853935,35.986687
2024-06-01 11:51:15.325,39.853935,35.943275
2024-06-01 11:51:15.837,39.853935,35.471237
2024-06-01 11:51:16.349,39.853935,35.513954
2024-06-01 11:51:16.861,39.853935,35.513954
2024-06-01 11:51:17.373,39.853935,35.433903
2024-06-01 11:51:17.885,39.853935,35.93979
2024-06-01 11:51:18.397,39.853935,35.886246
2024-06-01 11:51:18.909,39.853935,35.886246
2024-06-01 11:51:19.421,39.853935,35.923515
2024-06-01 11:51:19.933,39.853935,35.409966
2024-06-01 11:51:20.445,39.853935,35.368626
2024-06-01 11:51:20.957,39.853935,35.368626
2024-06-01 11:51:21.469,39.853935,35.425438
2024-06-01 11:51:21.981,39.853935,35.61939
2024-06-01 11:51:22.493,39.783099,35.592636
2024-06-01 11:51:23.005,39.783099,35.592636
2024-06-01 11:51:23.517,39.783099,35.571316
2024-06-01 11:51:24.029,39.783099,35.368626
2024-06-01 11:51:24.541,39.783099,35.306236
2024-06-01 11:51:25.053,39.783099,35.306236
2024-06-01 11:51:25.564,39.783099,35.460022
2024-06-01 11:51:26.076,39.783099,35.592514
2024-06-01 11:51:26.588,39.783099,35.51143
2024-06-01 11:51:27.100,39.783099,35.51142
2024-06-01 11:51:27.612,39.783099,35.62538
2024-06-01 11:51:28.124,39.783099,35.97485
2024-06-01 11:51:28.636,39.783099,36.039017
2024-06-01 11:51:29.148,39.783099,36.039017
2024-06-01 11:51:29.660,39.783099,35.952408
2024-06-01 11:51:30.172,39.783099,36.160557
2024-06-01 11:51:30.684,39.783099,36.263298
2024-06-01 11:51:31.196,39.783099,36.263298
2024-06-01 11:51:31.708,39.783099,36.300972
2024-06-01 11:51:32.220,39.783099,36.16369
2024-06-01 11:51:32.732,39.783099,36.159943
2024-06-01 11:51:33.244,39.783099,36.159943
2024-06-01 11:51:33.756,39.783099,36.14753
2024-06-01 11:51:34.268,39.783099,36.14753
2024-06-01 11:51:34.780,39.783099,36.15879
2024-06-01 11:51:35.292,39.783099,36.15879
2024-06-01 11:51:35.804,39.783099,36.100178
2024-06-01 11:51:36.316,39.783099,35.397892
2024-06-01 11:51:36.828,39.783099,35.22248
2024-06-01 11:51:37.340,39.783099,35.22248
2024-06-01 11:51:37.852,39.783099,35.372562
2024-06-01 11:51:38.364,39.783099,35.967888
2024-06-01 11:51:38.876,39.783099,36.023663
2024-06-01 11:51:39.388,39.783099,36.023663
2024-06-01 11:51:39.900,39.783099,35.9589
2024-06-01 11:51:40.412,39.783099,35.67108
2024-06-01 11:51:40.924,39.783099,35.662907
2024-06-01 11:51:41.436,39.783099,35.662907
2024-06-01 11:51:41.948,39.783099,35.66697
2024-06-01 11:51:42.460,39.783099,36.117058
2024-06-01 11:51:42.972,39.783099,36.166916
2024-06-01 11:51:43.484,39.783099,36.166916
2024-06-01 11:51:43.996,39.783099,36.157635
2024-06-01 11:51:44.508,39.783099,35.799202
2024-06-01 11:51:45.020,39.783099,35.797295
2024-06-01 11:51:45.532,39.783099,35.797295
2024-06-01 11:51:46.044,39.783099,35.804436
2024-06-01 11:51:46.556,39.783099,35.453636
2024-06-01 11:51:47.068,39.783099,35.546104
2024-06-01 11:51:47.580,39.783099,35.546104
2024-06-01 11:51:48.092,39.783099,35.526268
2024-06-01 11:51:48.604,39.783099,35.460022
2024-06-01 11:51:49.116,39.712263,35.368626
2024-06-01 11:51:49.628,39.712263,35.368626
2024-06-01 11:51:50.140,39.712263,35.47235
2024-06-01 11:51:50.652,39.712263,35.83873
2024-06-01 11:51:51.164,39.712263,35.85724
2024-06-01 11:51:51.676,39.712263,35.85724
2024-06-01 11:51:52.188,39.712263,35.871193
2024-06-01 11:51:52.700,39.712263,35.669518
2024-06-01 11:51:53.212,39.783099,35.66261
2024-06-01 11:51:53.724,39.783099,35.66261
2024-06-01 11:51:54.236,39.783099,35.627777
2024-06-01 11:51:54.748,39.783099,35.77496
2024-06-01 11:51:55.260,39.712263,35.78394
2024-06-01 11:51:55.772,39.712263,35.78394
2024-06-01 11:51:56.284,39.712263,35.738274
2024-06-01 11:51:56.796,39.712263,36.19729
2024-06-01 11:51:57.308,39.783099,36.233696
2024-06-01 11:51:57.820,39.783099,36.233696
2024-06-01 11:51:58.332,39.783099,36.15879
2024-06-01 11:51:58.844,39.783099,35.943275
2024-06-01 11:51:59.356,39.712263,35.959557
2024-06-01 11:51:59.868,39.712263,35.959564
2024-06-01 11:52:00.380,39.712263,35.918846
2024-06-01 11:52:00.892,39.712263,36.195763
2024-06-01 11:52:01.404,39.712263,36.263298
2024-06-01 11:52:01.916,39.712263,36.263298
2024-06-01 11:52:02.428,39.712263,36.295135
2024-06-01 11:52:02.940,39.712263,35.651535
2024-06-01 11:52:03.452,39.712263,35.66261
2024-06-01 11:52:03.964,39.712263,35.66261
2024-06-01 11:52:04.476,39.712263,35.633575
2024-06-01 11:52:04.988,39.712263,36.508865
2024-06-01 11:52:05.500,39.712263,36.604294
2024-06-01 11:52:06.012,39.712263,36.604294
2024-06-01 11:52:06.524,39.712263,36.533493
2024-06-01 11:52:07.036,39.712263,35.470955
2024-06-01 11:52:07.548,39.712263,35.519135
2024-06-01 11:52:08.060,39.712263,35.519135
2024-06-01 11:52:08.572,39.712263,35.436787
2024-06-01 11:52:09.084,39.712263,36.222893
2024-06-01 11:52:09.596,39.712263,36.30393
2024-06-01 11:52:10.108,39.712263,37.47177
2024-06-01 11:52:10.620,39.712263,37.478947
2024-06-01 11:52:11.132,39.712263,37.478947
2024-06-01 11:52:11.644,39.712263,37.3778
2024-06-01 11:52:12.156,39.712263,37.3778
2024-06-01 11:52:12.668,39.712263,37.324898
2024-06-01 11:52:13.180,39.712263,37.232773
2024-06-01 11:52:13.692,39.712263,37.28636
2024-06-01 11:52:14.204,39.712263,37.28636
2024-06-01 11:52:14.716,39.712263,37.287514
2024-06-01 11:52:15.228,39.712263,36.976112
2024-06-01 11:52:15.740,39.712263,36.98388
2024-06-01 11:52:16.252,39.712263,36.983883
2024-06-01 11:52:16.764,39.712263,36.817005
2024-06-01 11:52:17.276,39.712263,37.612877
2024-06-01 11:52:17.788,39.712263,37.473335
2024-06-01 11:52:18.300,39.712263,37.473335
2024-06-01 11:52:18.812,39.712263,37.614124
2024-06-01 11:52:19.324,39.712263,36.980606
2024-06-01 11:52:19.836,39.712263,37.019558
2024-06-01 11:52:20.348,39.712263,37.019558
2024-06-01 11:52:20.860,39.712263,37.0337
2024-06-01 11:52:21.372,39.712263,37.287514
2024-06-01 11:52:21.884,39.712263,37.289825
2024-06-01 11:52:22.396,39.712263,37.289825
2024-06-01 11:52:22.908,39.712263,37.27939
2024-06-01 11:52:23.420,39.712263,36.990402
2024-06-01 11:52:23.932,39.712263,37.066483
2024-06-01 11:52:24.444,39.712263,37.066483
2024-06-01 11:52:24.956,39.712263,37.100677
2024-06-01 11:52:25.468,39.712263,37.516426
2024-06-01 11:52:25.980,39.641427,37.291412
2024-06-01 11:52:26.492,39.641427,37.291412
2024-06-01 11:52:27.004,39.641427,37.397404
2024-06-01 11:52:27.516,39.641427,37.462734
2024-06-01 11:52:28.028,39.641427,37.491066
2024-06-01 11:52:28.540,39.641427,37.491066
2024-06-01 11:52:29.052,39.641427,37.678093
2024-06-01 11:52:29.564,39.641427,37.170002
2024-06-01 11:52:30.076,39.641427,37.148857
2024-06-01 11:52:30.588,39.641427,37.148857
2024-06-01 11:52:31.100,39.641427,37.14771
2024-06-01 11:52:31.612,39.641427,37.328323
2024-06-01 11:52:32.124,39.641427,37.288643
2024-06-01 11:52:32.636,39.641427,37.288643
2024-06-01 11:52:33.148,39.641427,37.38121
2024-06-01 11:52:33.660,39.641427,37.49637
2024-06-01 11:52:34.172,39.641427,37.49637
2024-06-01 11:52:34.684,39.641427,37.49637
2024-06-01 11:52:35.196,39.641427,37.549263
2024-06-01 11:52:35.708,39.641427,37.42502
2024-06-01 11:52:36.220,39.641427,37.26219
2024-06-01 11:52:36.732,39.641427,37.26219
2024-06-01 11:52:37.244,39.641427,37.26219
2024-06-01 11:52:37.756,39.641427,37.149597
2024-06-01 11:52:38.268,39.641427,37.161507
2024-06-01 11:52:38.780,39.641427,37.161507
2024-06-01 11:52:39.292,39.641427,37.22891
2024-06-01 11:52:39.804,39.641427,37.10242
2024-06-01 11:52:40.316,39.641427,37.06163
2024-06-01 11:52:40.828,39.641427,37.06163
2024-06-01 11:52:41.340,39.641427,37.06288
2024-06-01 11:52:41.852,39.641427,37.392357
2024-06-01 11:52:42.364,39.641427,37.327835
2024-06-01 11:52:42.876,39.641427,37.327835
2024-06-01 11:52:43.388,39.641427,37.363483
2024-06-01 11:52:43.900,39.641427,37.456482
2024-06-01 11:52:44.412,39.641427,37.42084
2024-06-01 11:52:44.924,39.641427,37.42084
2024-06-01 11:52:45.436,39.641427,37.720734
2024-06-01 11:52:45.948,39.641427,37.226006
2024-06-01 11:52:46.460,39.641427,37.200737
2024-06-01 11:52:46.972,39.641427,37.200737
2024-06-01 11:52:47.484,39.641427,37.201637
2024-06-01 11:52:47.996,39.641427,37.33681
2024-06-01 11:52:48.508,39.641427,37.32193
2024-06-01 11:52:49.020,39.641427,37.32193
2024-06-01 11:52:49.532,39.641427,37.3087
2024-06-01 11:52:50.044,39.641427,36.95294
2024-06-01 11:52:50.556,39.641427,36.92903
2024-06-01 11:52:51.068,39.641427,36.92903
2024-06-01 11:52:51.580,39.641427,36.948837
2024-06-01 11:52:52.092,39.641427,37.41063
2024-06-01 11:52:52.604,39.641427,37.291412
2024-06-01 11:52:53.116,39.641427,37.291412
2024-06-01 11:52:53.628,39.641427,37.516426
2024-06-01 11:52:54.140,39.641427,37.33681
2024-06-01 11:52:54.652,39.570591,37.334503
2024-06-01 11:52:55.164,39.570591,37.334503
2024-06-01 11:52:55.676,39.570591,37.342575
2024-06-01 11:52:56.188,39.570591,37.342575
2024-06-01 11:52:56.700,39.641427,37.29548
2024-06-01 11:52:57.212,39.641427,37.29548
2024-06-01 11:52:57.723,39.641427,37.33967
2024-06-01 11:52:58.235,39.641427,37.614124
2024-06-01 11:52:58.747,39.641427,37.363483
2024-06-01 11:52:59.259,39.641427,37.363483
2024-06-01 11:52:59.771,39.641427,37.592354
2024-06-01 11:53:00.283,39.641427,37.26388
2024-06-01 11:53:00.795,39.570591,37.107063
2024-06-01 11:53:01.307,39.570591,37.107063
2024-06-01 11:53:01.819,39.570591,37.2668
2024-06-01 11:53:02.331,39.570591,37.14422
2024-06-01 11:53:02.843,39.570591,37.097477
2024-06-01 11:53:03.355,39.570591,37.097477
2024-06-01 11:53:03.867,39.570591,37.105495
2024-06-01 11:53:04.379,39.570591,37.161507
2024-06-01 11:53:04.891,39.570591,37.22308
2024-06-01 11:53:05.403,39.570591,37.223083
2024-06-01 11:53:05.915,39.570591,37.197
2024-06-01 11:53:06.427,39.570591,37.28636
2024-06-01 11:53:06.939,39.570591,37.289825
2024-06-01 11:53:07.451,39.570591,37.289825
2024-06-01 11:53:07.963,39.570591,37.17988
2024-06-01 11:53:08.475,39.570591,37.157795
2024-06-01 11:53:08.987,39.570591,37.23619
2024-06-01 11:53:09.499,39.570591,37.23619
2024-06-01 11:53:10.011,39.570591,37.263893
2024-06-01 11:53:10.523,39.570591,37.22309
2024-06-01 11:53:11.035,39.570591,37.19585
2024-06-01 11:53:11.547,39.570591,37.19585
2024-06-01 11:53:12.059,39.570591,37.149597
2024-06-01 11:53:12.571,39.570591,37.105667
2024-06-01 11:53:13.083,39.570591,37.073666
2024-06-01 11:53:13.595,39.570591,37.073666
2024-06-01 11:53:14.107,39.570591,38.96245
2024-06-01 11:53:14.619,39.570591,39.85479
2024-06-01 11:53:15.131,40.137279,39.833675
2024-06-01 11:53:15.643,40.137279,39.833675
2024-06-01 11:53:16.155,40.137279,39.839066
2024-06-01 11:53:16.667,40.137279,39.864655
2024-06-01 11:53:17.179,40.208115,39.872276
2024-06-01 11:53:17.691,40.208115,39.872276
2024-06-01 11:53:18.203,40.208115,40.05555
2024-06-01 11:53:18.715,40.208115,40.422806
2024-06-01 11:53:19.227,40.208115,40.44243
2024-06-01 11:53:19.739,40.208115,40.44243
2024-06-01 11:53:20.251,40.208115,40.422806
2024-06-01 11:53:20.763,40.208115,40.422806
2024-06-01 11:53:21.275,40.208115,40.422806
2024-06-01 11:53:21.787,40.208115,40.422806
2024-06-01 11:53:22.299,40.208115,40.406693
2024-06-01 11:53:22.811,40.208115,40.406693
2024-06-01 11:53:23.323,40.208115,40.377434
2024-06-01 11:53:23.835,40.208115,40.377434
2024-06-01 11:53:24.347,40.208115,40.377434
2024-06-01 11:53:24.859,40.208115,40.319534
2024-06-01 11:53:25.371,40.208115,40.333622
2024-06-01 11:53:25.883,40.208115,40.333622
2024-06-01 11:53:26.395,40.208115,40.349697
2024-06-01 11:53:26.907,40.208115,40.349697
2024-06-01 11:53:27.419,40.278951,40.365807
2024-06-01 11:53:27.931,40.278951,40.365807
2024-06-01 11:53:28.443,40.278951,40.38977
2024-06-01 11:53:28.955,40.278951,40.49819
2024-06-01 11:53:29.467,40.278951,40.49819
2024-06-01 11:53:29.979,40.278951,40.49819
2024-06-01 11:53:30.491,40.278951,40.463684
2024-06-01 11:53:31.003,40.278951,40.406693
2024-06-01 11:53:31.515,40.278951,40.406693
2024-06-01 11:53:32.027,40.278951,40.406693
2024-06-01 11:53:32.539,40.278951,40.44243
2024-06-01 11:53:33.051,40.278951,40.49819
2024-06-01 11:53:33.563,40.278951,40.49819
2024-06-01 11:53:34.075,40.278951,40.49819
2024-06-01 11:53:34.587,40.278951,40.463684
2024-06-01 11:53:35.099,40.278951,40.538284
2024-06-01 11:53:35.611,40.278951,40.552963
2024-06-01 11:53:36.123,40.278951,40.552963
2024-06-01 11:53:36.635,40.278951,40.552963
2024-06-01 11:53:37.147,40.278951,40.365807
2024-06-01 11:53:37.659,40.278951,40.333622
2024-06-01 11:53:38.171,40.278951,40.333622
2024-06-01 11:53:38.683,40.278951,40.333622
2024-06-01 11:53:39.195,40.278951,40.524868
2024-06-01 11:53:39.707,40.278951,40.524868
2024-06-01 11:53:40.219,40.278951,40.524868
2024-06-01 11:53:40.731,40.278951,40.552963
2024-06-01 11:53:41.243,40.278951,40.422806
2024-06-01 11:53:41.755,40.278951,40.422806
2024-06-01 11:53:42.267,40.278951,40.422806
2024-06-01 11:53:42.779,40.278951,40.406693
2024-06-01 11:53:43.291,40.278951,40.349697
2024-06-01 11:53:43.803,40.278951,40.349697
2024-06-01 11:53:44.315,40.278951,40.349697
2024-06-01 11:53:44.827,40.278951,40.349697
2024-06-01 11:53:45.339,40.278951,40.463684
2024-06-01 11:53:45.851,40.278951,40.43533
2024-06-01 11:53:46.363,40.278951,40.43533
2024-06-01 11:53:46.875,40.278951,40.394833
2024-06-01 11:53:47.387,40.278951,40.18957
2024-06-01 11:53:47.899,40.278951,40.19769
2024-06-01 11:53:48.411,40.278951,40.19769
2024-06-01 11:53:48.923,40.278951,40.223816
2024-06-01 11:53:49.435,40.278951,40.39152
2024-06-01 11:53:49.947,40.278951,40.377434
2024-06-01 11:53:50.459,40.278951,40.377434
2024-06-01 11:53:50.971,40.278951,40.406693
2024-06-01 11:53:51.483,40.278951,40.463684
2024-06-01 11:53:51.995,40.349788,40.668102
2024-06-01 11:53:52.507,40.349788,40.668102
2024-06-01 11:53:53.019,40.349788,41.018417
2024-06-01 11:53:53.531,40.349788,41.22328
2024-06-01 11:53:54.043,40.420624,41.61728
2024-06-01 11:53:54.555,40.420624,41.61728
2024-06-01 11:53:55.067,40.420624,41.61728
2024-06-01 11:53:55.579,40.420624,41.787857
2024-06-01 11:53:56.091,40.562296,41.787857
2024-06-01 11:53:56.603,40.562296,41.787857
2024-06-01 11:53:57.115,40.562296,41.787857
2024-06-01 11:53:57.627,40.562296,41.70008
2024-06-01 11:53:58.139,40.633132,41.70008
2024-06-01 11:53:58.651,40.633132,41.70008
2024-06-01 11:53:59.163,40.633132,41.70008
2024-06-01 11:53:59.675,40.633132,42.016853
2024-06-01 11:54:00.187,40.703968,42.016853
2024-06-01 11:54:00.699,40.703968,42.016853
2024-06-01 11:54:01.211,40.703968,42.016853
2024-06-01 11:54:01.723,40.703968,41.252
2024-06-01 11:54:02.235,40.84564,41.252
2024-06-01 11:54:02.747,40.84564,41.252
2024-06-01 11:54:03.259,40.84564,41.252
2024-06-01 11:54:03.771,40.84564,41.252
2024-06-01 11:54:04.283,40.84564,41.252
2024-06-01 11:54:04.795,40.84564,41.252
2024-06-01 11:54:05.307,40.84564,41.252
2024-06-01 11:54:05.819,40.84564,41.252
2024-06-01 11:54:06.331,40.84564,41.252
2024-06-01 11:54:06.843,40.84564,41.252
2024-06-01 11:54:07.355,40.84564,41.252
2024-06-01 11:54:07.867,40.84564,41.190086
2024-06-01 11:54:08.379,40.84564,41.190086
2024-06-01 11:54:08.891,40.84564,41.190086
2024-06-01 11:54:09.403,40.84564,41.190086
2024-06-01 11:54:09.915,40.84564,41.190086
2024-06-01 11:54:10.427,40.84564,41.190086
2024-06-01 11:54:10.939,40.84564,41.190086
2024-06-01 11:54:11.451,40.84564,41.190086
2024-06-01 11:54:11.963,40.84564,41.190086
2024-06-01 11:54:12.475,40.84564,41.190086
2024-06-01 11:54:12.987,40.84564,41.190086
2024-06-01 11:54:13.499,40.84564,41.190086
2024-06-01 11:54:14.011,40.84564,41.131527
2024-06-01 11:54:14.523,40.84564,41.131527
2024-06-01 11:54:15.035,40.84564,41.131527
2024-06-01 11:54:15.547,40.84564,41.131527
2024-06-01 11:54:16.059,40.84564,41.252
2024-06-01 11:54:16.571,40.84564,41.252
2024-06-01 11:54:17.083,40.84564,41.252
2024-06-01 11:54:17.595,40.84564,41.252
2024-06-01 11:54:18.107,40.84564,41.190086
2024-06-01 11:54:18.619,40.916476,41.190086
2024-06-01 11:54:19.131,40.916476,41.190086
2024-06-01 11:54:19.643,40.916476,41.190086
2024-06-01 11:54:20.155,40.916476,41.190086
2024-06-01 11:54:20.667,40.916476,41.190086
2024-06-01 11:54:21.179,40.916476,41.190086
2024-06-01 11:54:21.691,40.916476,41.190086
2024-06-01 11:54:22.203,40.916476,41.076054
2024-06-01 11:54:22.715,40.916476,41.076054
2024-06-01 11:54:23.227,40.916476,41.076054
2024-06-01 11:54:23.739,40.916476,41.076054
2024-06-01 11:54:24.251,40.916476,41.131527
2024-06-01 11:54:24.763,40.916476,41.131527
2024-06-01 11:54:25.275,40.916476,41.131527
2024-06-01 11:54:25.787,40.916476,41.131527
2024-06-01 11:54:26.299,40.916476,41.131527
2024-06-01 11:54:26.811,40.916476,41.131527
2024-06-01 11:54:27.323,40.916476,41.131523
2024-06-01 11:54:27.835,40.916476,41.131523
2024-06-01 11:54:28.347,40.916476,41.076054
2024-06-01 11:54:28.859,40.916476,41.076054
2024-06-01 11:54:29.371,40.916476,41.076054
2024-06-01 11:54:29.883,40.916476,41.076054
2024-06-01 11:54:30.394,40.916476,41.190086
2024-06-01 11:54:30.906,40.916476,41.190086
2024-06-01 11:54:31.418,40.916476,41.190086
2024-06-01 11:54:31.930,40.916476,41.190086
2024-06-01 11:54:32.442,40.916476,41.190086
2024-06-01 11:54:32.954,40.916476,41.190086
2024-06-01 11:54:33.466,40.916476,41.190086
2024-06-01 11:54:33.978,40.916476,41.190086
2024-06-01 11:54:34.490,40.916476,41.131527
2024-06-01 11:54:35.002,40.987313,41.131527
2024-06-01 11:54:35.514,40.987313,41.131527
2024-06-01 11:54:36.026,40.987313,41.131527
2024-06-01 11:54:36.538,40.987313,41.252
2024-06-01 11:54:37.050,40.916476,41.252
2024-06-01 11:54:37.562,40.916476,41.252
2024-06-01 11:54:38.074,40.916476,41.252
2024-06-01 11:54:38.586,40.916476,41.131527
2024-06-01 11:54:39.098,40.916476,41.131527
2024-06-01 11:54:39.610,40.916476,41.131527
2024-06-01 11:54:40.122,40.916476,41.131527
2024-06-01 11:54:40.634,40.916476,41.025837
2024-06-01 11:54:41.146,40.987313,41.025837
2024-06-01 11:54:41.658,40.987313,41.025837
2024-06-01 11:54:42.170,40.987313,41.025837
2024-06-01 11:54:42.682,40.987313,41.131527
2024-06-01 11:54:43.194,40.987313,41.131527
2024-06-01 11:54:43.706,40.987313,41.131523
2024-06-01 11:54:44.218,40.987313,41.131523
2024-06-01 11:54:44.730,40.987313,41.131527
2024-06-01 11:54:45.242,40.987313,41.131527
2024-06-01 11:54:45.754,40.987313,41.131527
2024-06-01 11:54:46.266,40.987313,41.131527
2024-06-01 11:54:46.778,40.987313,41.076054
2024-06-01 11:54:47.290,40.987313,41.076054
2024-06-01 11:54:47.802,40.987313,41.076054
2024-06-01 11:54:48.314,40.987313,41.076054
2024-06-01 11:54:48.826,40.987313,41.025837
2024-06-01 11:54:49.338,40.987313,41.025837
2024-06-01 11:54:49.850,40.987313,41.025837
2024-06-01 11:54:50.362,40.987313,41.025837
2024-06-01 11:54:50.874,40.987313,41.025837
2024-06-01 11:54:51.386,40.987313,41.025837
2024-06-01 11:54:51.898,40.987313,41.025837
2024-06-01 11:54:52.410,40.987313,41.025837
2024-06-01 11:54:52.922,40.987313,41.131527
2024-06-01 11:54:53.434,40.987313,41.131527
2024-06-01 11:54:53.946,40.987313,40.913868
2024-06-01 11:54:54.458,40.987313,40.913868
2024-06-01 11:54:54.970,40.987313,40.879692
2024-06-01 11:54:55.482,40.987313,40.879692
2024-06-01 11:54:55.994,40.987313,40.879692
2024-06-01 11:54:56.506,40.987313,40.879692
2024-06-01 11:54:57.018,40.987313,40.879692
2024-06-01 11:54:57.530,40.987313,40.879692
2024-06-01 11:54:58.042,40.987313,40.879692
2024-06-01 11:54:58.554,40.987313,40.879692
2024-06-01 11:54:59.066,40.987313,40.84552
2024-06-01 11:54:59.578,40.987313,40.84552
2024-06-01 11:55:00.090,40.987313,40.84552
2024-06-01 11:55:00.602,40.987313,40.84552
2024-06-01 11:55:01.114,40.987313,40.913868
2024-06-01 11:55:01.626,40.916476,40.913868
2024-06-01 11:55:02.138,40.916476,40.913868
2024-06-01 11:55:02.650,40.916476,40.913868
2024-06-01 11:55:03.162,40.916476,40.879692
2024-06-01 11:55:03.674,40.916476,40.879692
2024-06-01 11:55:04.186,40.916476,40.879692
2024-06-01 11:55:04.698,40.916476,40.879692
2024-06-01 11:55:05.210,40.916476,40.913868
2024-06-01 11:55:05.722,40.916476,40.913868
2024-06-01 11:55:06.234,40.916476,40.913868
2024-06-01 11:55:06.746,40.916476,40.913868
2024-06-01 11:55:07.258,40.916476,40.913868
2024-06-01 11:55:07.770,40.987313,40.913868
2024-06-01 11:55:08.282,40.987313,40.913868
2024-06-01 11:55:08.794,40.987313,40.913868
2024-06-01 11:55:09.306,40.987313,40.82758
2024-06-01 11:55:09.818,40.987313,40.82758
2024-06-01 11:55:10.330,40.987313,40.82758
2024-06-01 11:55:10.842,40.987313,40.82758
2024-06-01 11:55:11.354,40.987313,40.879692
2024-06-01 11:55:11.866,40.987313,40.879692
2024-06-01 11:55:12.378,40.987313,40.879692
2024-06-01 11:55:12.890,40.987313,40.879692
2024-06-01 11:55:13.402,40.987313,40.879692
2024-06-01 11:55:13.914,40.987313,40.879692
2024-06-01 11:55:14.426,40.987313,40.879692
2024-06-01 11:55:14.938,40.987313,40.879692
2024-06-01 11:55:15.450,40.987313,40.913868
2024-06-01 11:55:15.962,40.987313,40.913868
2024-06-01 11:55:16.474,40.987313,40.913868
2024-06-01 11:55:16.986,40.987313,40.913868
2024-06-01 11:55:17.498,40.987313,40.879692
2024-06-01 11:55:18.010,40.987313,40.879692
2024-06-01 11:55:18.522,40.987313,40.879692
2024-06-01 11:55:19.034,40.987313,40.879692
2024-06-01 11:55:19.546,40.987313,40.84552
2024-06-01 11:55:20.058,40.987313,40.84552
2024-06-01 11:55:20.570,40.987313,40.84552
2024-06-01 11:55:21.082,40.987313,40.84552
2024-06-01 11:55:21.594,40.987313,40.82758
2024-06-01 11:55:22.106,40.916476,40.82758
2024-06-01 11:55:22.618,40.916476,40.82758
2024-06-01 11:55:23.130,40.916476,40.82758
2024-06-01 11:55:23.642,40.916476,40.84552
2024-06-01 11:55:24.154,40.916476,40.84552
2024-06-01 11:55:24.666,40.916476,40.84552
2024-06-01 11:55:25.178,40.916476,40.84552
2024-06-01 11:55:25.690,40.916476,40.879692
2024-06-01 11:55:26.202,40.987313,40.879692
2024-06-01 11:55:26.714,40.987313,40.879692
2024-06-01 11:55:27.226,40.987313,40.879692
2024-06-01 11:55:27.738,40.987313,40.879692
2024-06-01 11:55:28.250,40.987313,40.879692
2024-06-01 11:55:28.762,40.987313,40.879692
2024-06-01 11:55:29.274,40.987313,40.879692
2024-06-01 11:55:29.786,40.987313,40.879692
2024-06-01 11:55:30.298,40.916476,40.879692
2024-06-01 11:55:30.810,40.916476,40.879692
2024-06-01 11:55:31.322,40.916476,40.879692
2024-06-01 11:55:31.834,40.916476,40.913868
2024-06-01 11:55:32.346,40.987313,40.913868
2024-06-01 11:55:32.858,40.987313,40.913868
2024-06-01 11:55:33.370,40.987313,40.913868
2024-06-01 11:55:33.882,40.987313,40.879692
2024-06-01 11:55:34.394,40.987313,40.879692
2024-06-01 11:55:34.906,40.987313,40.879692
2024-06-01 11:55:35.418,40.987313,40.879692
2024-06-01 11:55:35.930,40.987313,40.84552
2024-06-01 11:55:36.442,40.987313,40.84552
2024-06-01 11:55:36.954,40.987313,40.84552
2024-06-01 11:55:37.466,40.987313,40.84552
2024-06-01 11:55:37.978,40.987313,40.879692
2024-06-01 11:55:38.490,40.987313,40.879692
2024-06-01 11:55:39.002,40.987313,40.879692
2024-06-01 11:55:39.514,40.987313,40.879692
2024-06-01 11:55:40.026,40.987313,40.843895
2024-06-01 11:55:40.538,40.987313,40.843895
2024-06-01 11:55:41.050,40.987313,40.843895
2024-06-01 11:55:41.562,40.987313,40.843895
2024-06-01 11:55:42.074,40.987313,40.843895
2024-06-01 11:55:42.586,40.987313,40.843895
2024-06-01 11:55:43.098,40.987313,40.843895
2024-06-01 11:55:43.610,40.987313,40.843895
2024-06-01 11:55:44.122,40.987313,40.843895
2024-06-01 11:55:44.634,40.987313,40.843895
2024-06-01 11:55:45.146,40.987313,40.843895
2024-06-01 11:55:45.658,40.987313,40.843895
2024-06-01 11:55:46.170,40.987313,40.82758
2024-06-01 11:55:46.682,40.987313,40.82758
2024-06-01 11:55:47.194,40.987313,40.82758
2024-06-01 11:55:47.706,40.987313,40.82758
2024-06-01 11:55:48.218,40.987313,40.843895
2024-06-01 11:55:48.730,40.987313,40.843895
2024-06-01 11:55:49.242,40.987313,40.84389
2024-06-01 11:55:49.754,40.987313,40.84389
2024-06-01 11:55:50.266,40.987313,40.883247
2024-06-01 11:55:50.778,40.987313,40.883247
2024-06-01 11:55:51.290,40.987313,40.883247
2024-06-01 11:55:51.802,40.987313,40.883247
2024-06-01 11:55:52.314,40.987313,40.883247
2024-06-01 11:55:52.826,40.987313,40.883247
2024-06-01 11:55:53.338,40.987313,40.883247
2024-06-01 11:55:53.850,40.987313,40.883247
2024-06-01 11:55:54.362,40.987313,40.843895
2024-06-01 11:55:54.874,40.987313,40.843895
2024-06-01 11:55:55.386,40.987313,40.843895
2024-06-01 11:55:55.898,40.987313,40.843895
2024-06-01 11:55:56.410,40.987313,40.843895
2024-06-01 11:55:56.922,40.987313,40.843895
2024-06-01 11:55:57.434,40.987313,40.843895
2024-06-01 11:55:57.946,40.987313,40.843895
2024-06-01 11:55:58.458,40.987313,40.843895
2024-06-01 11:55:58.970,40.987313,40.843895
2024-06-01 11:55:59.482,40.987313,40.84533
2024-06-01 11:55:59.994,40.987313,40.84533
2024-06-01 11:56:00.506,40.987313,40.84533
2024-06-01 11:56:01.018,40.987313,40.84533
2024-06-01 11:56:01.530,40.987313,40.84533
2024-06-01 11:56:02.042,40.987313,40.84533
2024-06-01 11:56:02.553,40.987313,40.860188
2024-06-01 11:56:03.065,40.916476,40.860188
2024-06-01 11:56:03.577,40.916476,40.860188
2024-06-01 11:56:04.089,40.916476,40.860188
2024-06-01 11:56:04.601,40.916476,40.84533
2024-06-01 11:56:05.113,40.916476,40.84533
2024-06-01 11:56:05.625,40.916476,40.84533
2024-06-01 11:56:06.137,40.916476,40.84533
2024-06-01 11:56:06.649,40.916476,41.020508
2024-06-01 11:56:07.161,40.916476,41.020508
2024-06-01 11:56:07.673,40.916476,41.020508
2024-06-01 11:56:08.185,40.916476,41.020508
2024-06-01 11:56:08.697,40.916476,40.94727
2024-06-01 11:56:09.209,40.916476,40.94727
2024-06-01 11:56:09.721,40.916476,40.94727
2024-06-01 11:56:10.233,40.916476,40.94727
2024-06-01 11:56:10.745,40.916476,40.94727
2024-06-01 11:56:11.257,40.916476,40.94727
2024-06-01 11:56:11.769,40.916476,40.94727
2024-06-01 11:56:12.281,40.916476,40.94727
2024-06-01 11:56:12.793,40.916476,40.94727
2024-06-01 11:56:13.305,40.916476,40.94727
2024-06-01 11:56:13.817,40.916476,40.94727
2024-06-01 11:56:14.329,40.916476,40.94727
2024-06-01 11:56:14.841,40.916476,40.94727
2024-06-01 11:56:15.353,40.916476,40.94727
2024-06-01 11:56:15.865,40.916476,40.981033
2024-06-01 11:56:16.377,40.916476,40.981033
2024-06-01 11:56:16.889,40.916476,40.9758
2024-06-01 11:56:17.401,40.916476,40.9758
2024-06-01 11:56:17.913,40.916476,40.9758
2024-06-01 11:56:18.425,40.916476,40.9758
2024-06-01 11:56:18.937,40.916476,40.981033
2024-06-01 11:56:19.449,40.916476,40.981033
2024-06-01 11:56:19.961,40.916476,40.981033
2024-06-01 11:56:20.473,40.916476,40.981033
2024-06-01 11:56:20.985,40.916476,40.981033
2024-06-01 11:56:21.497,40.916476,40.981033
2024-06-01 11:56:22.009,40.916476,40.981033
2024-06-01 11:56:22.521,40.916476,40.981033
2024-06-01 11:56:23.033,40.916476,40.981033
2024-06-01 11:56:23.545,40.916476,40.981033
2024-06-01 11:56:24.057,40.916476,40.981033
2024-06-01 11:56:24.569,40.916476,40.981033
2024-06-01 11:56:25.081,40.916476,40.9758
2024-06-01 11:56:25.593,40.916476,40.9758
2024-06-01 11:56:26.105,40.916476,40.9758
2024-06-01 11:56:26.617,40.916476,40.9758
2024-06-01 11:56:27.129,40.916476,40.9758
2024-06-01 11:56:27.641,40.916476,40.9758
2024-06-01 11:56:28.153,40.916476,40.9758
2024-06-01 11:56:28.665,40.916476,40.9758
2024-06-01 11:56:29.177,40.916476,40.97638
2024-06-01 11:56:29.689,40.916476,40.97638
2024-06-01 11:56:30.201,40.916476,40.97638
2024-06-01 11:56:30.713,40.916476,40.97638
2024-06-01 11:56:31.225,40.916476,40.9758
2024-06-01 11:56:31.737,40.916476,40.9758
2024-06-01 11:56:32.249,40.916476,40.9758
2024-06-01 11:56:32.761,40.916476,40.9758
2024-06-01 11:56:33.273,40.916476,40.9915
2024-06-01 11:56:33.785,40.987313,40.9915
2024-06-01 11:56:34.297,40.987313,40.9915
2024-06-01 11:56:34.809,40.987313,40.9915
2024-06-01 11:56:35.321,40.987313,40.981033
2024-06-01 11:56:35.833,40.987313,40.981033
2024-06-01 11:56:36.345,40.987313,40.981033
2024-06-01 11:56:36.857,40.987313,40.981033
2024-06-01 11:56:37.369,40.987313,40.986267
2024-06-01 11:56:37.881,40.987313,40.986267
2024-06-01 11:56:38.393,40.987313,40.986267
2024-06-01 11:56:38.905,40.987313,40.986267
2024-06-01 11:56:39.417,40.987313,40.986267
2024-06-01 11:56:39.929,40.987313,40.986267
2024-06-01 11:56:40.441,40.987313,40.986267
2024-06-01 11:56:40.953,40.987313,40.986267
2024-06-01 11:56:41.465,40.987313,40.981033
2024-06-01 11:56:41.977,40.987313,40.981033
2024-06-01 11:56:42.489,40.987313,40.981033
2024-06-01 11:56:43.001,40.987313,40.981033
2024-06-01 11:56:43.513,40.987313,40.986267
2024-06-01 11:56:44.025,40.987313,40.986267
2024-06-01 11:56:44.537,40.987313,40.986267
2024-06-01 11:56:45.049,40.987313,40.986267
2024-06-01 11:56:45.561,40.987313,40.9758
2024-06-01 11:56:46.073,40.987313,40.9758
2024-06-01 11:56:46.585,40.987313,40.9758
2024-06-01 11:56:47.097,40.987313,40.9758
2024-06-01 11:56:47.609,40.987313,40.986267
2024-06-01 11:56:48.121,40.987313,40.986267
2024-06-01 11:56:48.633,40.987313,41.055664
2024-06-01 11:56:49.145,40.987313,41.055664
2024-06-01 11:56:49.657,40.987313,41.080994
2024-06-01 11:56:50.169,40.987313,41.080994
2024-06-01 11:56:50.681,40.987313,41.080994
2024-06-01 11:56:51.193,40.987313,41.080994
2024-06-01 11:56:51.705,40.987313,41.055664
2024-06-01 11:56:52.217,40.987313,41.055664
2024-06-01 11:56:52.729,40.987313,41.055664
2024-06-01 11:56:53.241,40.987313,41.055664
2024-06-01 11:56:53.753,40.987313,41.055664
2024-06-01 11:56:54.265,40.987313,41.055664
2024-06-01 11:56:54.777,40.987313,41.05566
2024-06-01 11:56:55.289,40.987313,41.05566
2024-06-01 11:56:55.801,40.987313,41.08142
2024-06-01 11:56:56.313,40.987313,41.08142
2024-06-01 11:56:56.825,40.987313,41.08142
2024-06-01 11:56:57.337,40.987313,41.08142
2024-06-01 11:56:57.849,40.987313,41.055664
2024-06-01 11:56:58.361,40.987313,41.055664
2024-06-01 11:56:58.873,40.987313,41.055664
2024-06-01 11:56:59.385,40.987313,41.055664
2024-06-01 11:56:59.897,40.987313,41.055664
2024-06-01 11:57:00.409,40.987313,41.055664
2024-06-01 11:57:00.921,40.987313,41.055664
2024-06-01 11:57:01.433,40.987313,41.055664
2024-06-01 11:57:01.945,40.987313,41.08121
2024-06-01 11:57:02.457,40.987313,41.08121
2024-06-01 11:57:02.969,40.987313,41.08121
2024-06-01 11:57:03.481,40.987313,41.08121
2024-06-01 11:57:03.993,40.987313,41.08121
2024-06-01 11:57:04.505,40.987313,41.08121
2024-06-01 11:57:05.017,40.987313,41.08121
2024-06-01 11:57:05.529,40.987313,41.08121
2024-06-01 11:57:06.041,40.987313,41.081635
2024-06-01 11:57:06.553,40.987313,41.081635
2024-06-01 11:57:07.065,40.987313,41.081635
2024-06-01 11:57:07.577,40.987313,41.081635
2024-06-01 11:57:08.089,40.987313,41.081635
2024-06-01 11:57:08.601,40.987313,41.081635
2024-06-01 11:57:09.113,40.987313,41.081635
2024-06-01 11:57:09.625,40.987313,41.081635
2024-06-01 11:57:10.137,40.987313,41.08142
2024-06-01 11:57:10.649,40.916476,41.08142
2024-06-01 11:57:11.161,40.916476,41.08142
2024-06-01 11:57:11.673,40.916476,41.08142
2024-06-01 11:57:12.185,40.916476,41.08142
2024-06-01 11:57:12.697,40.987313,41.08142
2024-06-01 11:57:13.209,40.987313,41.08142
2024-06-01 11:57:13.721,40.987313,41.08142
2024-06-01 11:57:14.233,40.987313,41.08185
2024-06-01 11:57:14.745,40.987313,41.08185
2024-06-01 11:57:15.257,40.987313,41.08185
2024-06-01 11:57:15.769,40.987313,41.08185
2024-06-01 11:57:16.281,40.987313,41.081635
2024-06-01 11:57:16.793,40.987313,41.081635
2024-06-01 11:57:17.305,40.987313,41.081635
2024-06-01 11:57:17.817,40.987313,41.081635
2024-06-01 11:57:18.329,40.987313,41.08142
2024-06-01 11:57:18.841,40.987313,41.08142
2024-06-01 11:57:19.353,40.987313,41.08142
2024-06-01 11:57:19.865,40.987313,41.08142
2024-06-01 11:57:20.377,40.987313,41.09134
2024-06-01 11:57:20.889,40.987313,41.09134
2024-06-01 11:57:21.401,40.987313,40.94422
2024-06-01 11:57:21.913,40.987313,40.94422
2024-06-01 11:57:22.425,40.987313,40.93323
2024-06-01 11:57:22.937,40.987313,40.93323
2024-06-01 11:57:23.449,40.987313,40.93323
2024-06-01 11:57:23.961,40.987313,40.93323
2024-06-01 11:57:24.473,40.987313,40.94061
2024-06-01 11:57:24.985,40.987313,40.94061
2024-06-01 11:57:25.497,40.987313,40.94061
2024-06-01 11:57:26.009,40.987313,40.94061
2024-06-01 11:57:26.521,40.987313,40.951874
2024-06-01 11:57:27.033,40.987313,40.951874
2024-06-01 11:57:27.545,40.987313,40.95188
2024-06-01 11:57:28.057,40.987313,40.95188
2024-06-01 11:57:28.569,40.987313,40.94061
2024-06-01 11:57:29.081,40.987313,40.94061
2024-06-01 11:57:29.593,40.987313,40.94061
2024-06-01 11:57:30.105,40.987313,40.94061
2024-06-01 11:57:30.617,40.987313,40.94061
2024-06-01 11:57:31.129,40.916476,40.94061
2024-06-01 11:57:31.641,40.916476,40.94061
2024-06-01 11:57:32.153,40.916476,40.94061
2024-06-01 11:57:32.665,40.916476,40.94061
2024-06-01 11:57:33.177,40.987313,40.94061
2024-06-01 11:57:33.689,40.987313,40.94061
2024-06-01 11:57:34.201,40.987313,40.94061
2024-06-01 11:57:34.713,40.987313,40.945843
2024-06-01 11:57:35.224,40.987313,40.945843
2024-06-01 11:57:35.736,40.987313,40.945843
2024-06-01 11:57:36.248,40.987313,40.945843
2024-06-01 11:57:36.760,40.987313,40.94061
2024-06-01 11:57:37.272,40.987313,40.94061
2024-06-01 11:57:37.784,40.987313,40.94061
2024-06-01 11:57:38.296,40.987313,40.94061
2024-06-01 11:57:38.808,40.987313,40.94061
2024-06-01 11:57:39.320,40.987313,40.94061
2024-06-01 11:57:39.832,40.987313,40.94061
2024-06-01 11:57:40.344,40.987313,40.94061
2024-06-01 11:57:40.856,40.987313,40.93538
2024-06-01 11:57:41.368,40.916476,40.93538
2024-06-01 11:57:41.880,40.916476,40.93538
2024-06-01 11:57:42.392,40.916476,40.93538
2024-06-01 11:57:42.904,40.916476,40.94061
2024-06-01 11:57:43.416,40.987313,40.94061
2024-06-01 11:57:43.928,40.987313,40.940605
2024-06-01 11:57:44.440,40.987313,40.940605
2024-06-01 11:57:44.952,40.987313,40.945843
2024-06-01 11:57:45.464,40.987313,40.945843
2024-06-01 11:57:45.976,40.987313,40.945843
2024-06-01 11:57:46.488,40.987313,40.945843
2024-06-01 11:57:47.000,40.987313,40.945843
2024-06-01 11:57:47.512,40.987313,40.945843
2024-06-01 11:57:48.024,40.987313,40.945843
2024-06-01 11:57:48.536,40.987313,40.945843
2024-06-01 11:57:49.048,40.987313,40.945843
2024-06-01 11:57:49.560,40.987313,40.945843
2024-06-01 11:57:50.072,40.987313,40.945843
2024-06-01 11:57:50.584,40.987313,40.945843
2024-06-01 11:57:51.096,40.987313,40.93323
2024-06-01 11:57:51.608,40.987313,40.93323
2024-06-01 11:57:52.120,40.987313,40.93323
2024-06-01 11:57:52.632,40.987313,40.93323
2024-06-01 11:57:53.144,40.987313,40.945843
2024-06-01 11:57:53.656,40.987313,40.945843
2024-06-01 11:57:54.168,40.987313,40.945843
2024-06-01 11:57:54.680,40.987313,40.945843
2024-06-01 11:57:55.192,40.987313,40.945843
2024-06-01 11:57:55.704,40.987313,40.945843
2024-06-01 11:57:56.216,40.987313,40.945843
2024-06-01 11:57:56.728,40.987313,40.945843
2024-06-01 11:57:57.240,40.987313,40.93538
2024-06-01 11:57:57.752,40.987313,40.93538
2024-06-01 11:57:58.264,40.987313,40.93538
2024-06-01 11:57:58.776,40.987313,40.93538
2024-06-01 11:57:59.288,40.987313,40.945843
2024-06-01 11:57:59.800,40.987313,40.945843
2024-06-01 11:58:00.312,40.987313,40.945843
2024-06-01 11:58:00.824,40.987313,40.945843
2024-06-01 11:58:01.336,40.987313,40.94061
2024-06-01 11:58:01.848,40.987313,40.94061
2024-06-01 11:58:02.360,40.987313,40.94061
2024-06-01 11:58:02.872,40.987313,40.94061
2024-06-01 11:58:03.384,40.987313,40.94061
2024-06-01 11:58:03.896,40.987313,40.94061
2024-06-01 11:58:04.408,40.987313,40.94061
2024-06-01 11:58:04.920,40.987313,40.94061
2024-06-01 11:58:05.432,40.987313,40.94061
2024-06-01 11:58:05.944,40.987313,40.94061
2024-06-01 11:58:06.456,40.987313,40.94061
2024-06-01 11:58:06.968,40.987313,40.94061
2024-06-01 11:58:07.480,40.987313,40.945843
2024-06-01 11:58:07.992,40.987313,40.945843
2024-06-01 11:58:08.504,40.987313,40.945843
2024-06-01 11:58:09.016,40.987313,40.945843
2024-06-01 11:58:09.528,40.987313,40.93538
2024-06-01 11:58:10.040,40.987313,40.93538
2024-06-01 11:58:10.552,40.987313,40.93538
2024-06-01 11:58:11.064,40.987313,40.93538
2024-06-01 11:58:11.576,40.987313,40.93538
2024-06-01 11:58:12.088,40.987313,40.93538
2024-06-01 11:58:12.600,40.987313,40.93538
2024-06-01 11:58:13.112,40.987313,40.93538
2024-06-01 11:58:13.624,40.987313,40.94061
2024-06-01 11:58:14.136,40.987313,40.94061
2024-06-01 11:58:14.648,40.987313,40.94061
2024-06-01 11:58:15.160,40.987313,40.94061
2024-06-01 11:58:15.672,40.987313,40.939583
2024-06-01 11:58:16.184,40.987313,40.939583
2024-06-01 11:58:16.696,40.987313,40.939583
2024-06-01 11:58:17.208,40.987313,40.939583
2024-06-01 11:58:17.720,40.987313,40.94061
2024-06-01 11:58:18.232,40.987313,40.94061
2024-06-01 11:58:18.744,40.987313,40.94061
2024-06-01 11:58:19.256,40.987313,40.94061
2024-06-01 11:58:19.768,40.987313,40.94061
2024-06-01 11:58:20.280,40.987313,40.94061
2024-06-01 11:58:20.792,40.987313,40.94061
2024-06-01 11:58:21.304,40.987313,40.94061
2024-06-01 11:58:21.816,40.987313,40.94061
2024-06-01 11:58:22.328,40.987313,40.94061
2024-06-01 11:58:22.840,40.987313,40.94061
2024-06-01 11:58:23.352,40.987313,40.94061
2024-06-01 11:58:23.864,40.987313,40.94061
2024-06-01 11:58:24.376,40.987313,40.94061
2024-06-01 11:58:24.888,40.987313,40.94061
2024-06-01 11:58:25.400,40.987313,40.94061
2024-06-01 11:58:25.912,40.987313,40.94061
2024-06-01 11:58:26.424,40.987313,40.94061
2024-06-01 11:58:26.936,40.987313,40.94061
2024-06-01 11:58:27.448,40.987313,40.94061
2024-06-01 11:58:27.960,40.987313,40.94061
2024-06-01 11:58:28.472,40.987313,40.94061
2024-06-01 11:58:28.984,40.987313,40.94061
2024-06-01 11:58:29.496,40.987313,40.94061
2024-06-01 11:58:30.008,40.987313,40.94061
2024-06-01 11:58:30.520,40.987313,40.94061
2024-06-01 11:58:31.032,40.987313,40.94061
2024-06-01 11:58:31.544,40.987313,40.94061
2024-06-01 11:58:32.056,40.987313,40.93538
2024-06-01 11:58:32.568,40.987313,40.93538
2024-06-01 11:58:33.080,40.987313,40.93537
2024-06-01 11:58:33.592,40.987313,40.93537
2024-06-01 11:58:34.104,40.987313,40.93538
2024-06-01 11:58:34.616,40.987313,40.93538
2024-06-01 11:58:35.128,40.987313,40.93538
2024-06-01 11:58:35.640,40.987313,40.93538
2024-06-01 11:58:36.152,40.987313,40.951077
2024-06-01 11:58:36.664,40.987313,40.951077
2024-06-01 11:58:37.176,40.987313,40.951077
2024-06-01 11:58:37.688,40.987313,40.951077
2024-06-01 11:58:38.200,40.987313,40.94061
2024-06-01 11:58:38.712,40.987313,40.94061
2024-06-01 11:58:39.224,40.987313,40.94061
2024-06-01 11:58:39.736,40.987313,40.94061
2024-06-01 11:58:40.248,40.987313,40.94061
2024-06-01 11:58:40.760,40.987313,40.94061
2024-06-01 11:58:41.272,40.987313,40.94061
2024-06-01 11:58:41.784,40.987313,40.94061
2024-06-01 11:58:42.296,40.987313,40.93538
2024-06-01 11:58:42.808,40.916476,40.93538
2024-06-01 11:58:43.320,40.916476,40.93538
2024-06-01 11:58:43.832,40.916476,40.93538
2024-06-01 11:58:44.344,40.916476,40.94061
2024-06-01 11:58:44.856,40.987313,40.94061
2024-06-01 11:58:45.368,40.987313,40.94061
2024-06-01 11:58:45.880,40.987313,40.94061
2024-06-01 11:58:46.392,40.987313,40.96514
2024-06-01 11:58:46.904,40.987313,40.96514
2024-06-01 11:58:47.416,40.987313,40.96514
2024-06-01 11:58:47.928,40.987313,40.96514
2024-06-01 11:58:48.440,40.987313,40.945843
2024-06-01 11:58:48.952,40.987313,40.945843
2024-06-01 11:58:49.464,40.987313,40.945843
2024-06-01 11:58:49.976,40.987313,40.945843
2024-06-01 11:58:50.488,40.987313,40.945843
2024-06-01 11:58:51.000,40.987313,40.945843
2024-06-01 11:58:51.512,40.987313,40.945843
2024-06-01 11:58:52.024,40.987313,40.945843
2024-06-01 11:58:52.536,40.987313,41.0222
2024-06-01 11:58:53.048,40.987313,41.0222
2024-06-01 11:58:53.560,40.987313,41.0222
2024-06-01 11:58:54.072,40.987313,41.0222
2024-06-01 11:58:54.584,40.987313,40.945843
2024-06-01 11:58:55.096,40.987313,40.945843
2024-06-01 11:58:55.608,40.987313,40.945843
2024-06-01 11:58:56.120,40.987313,40.945843
2024-06-01 11:58:56.632,40.987313,40.94061
2024-06-01 11:58:57.144,40.987313,40.94061
2024-06-01 11:58:57.656,40.987313,40.94061
2024-06-01 11:58:58.168,40.987313,40.94061
2024-06-01 11:58:58.680,40.987313,40.945843
2024-06-01 11:58:59.192,40.987313,40.945843
2024-06-01 11:58:59.704,40.987313,40.945843
2024-06-01 11:59:00.216,40.987313,40.945843
2024-06-01 11:59:00.728,40.987313,40.945843
2024-06-01 11:59:01.240,40.987313,40.945843
2024-06-01 11:59:01.752,40.987313,40.945843
2024-06-01 11:59:02.264,40.987313,40.945843
2024-06-01 11:59:02.776,40.987313,40.94061
2024-06-01 11:59:03.288,40.987313,40.94061
2024-06-01 11:59:03.800,40.987313,40.94061
2024-06-01 11:59:04.312,40.987313,40.94061
2024-06-01 11:59:04.824,40.987313,40.94061
2024-06-01 11:59:05.336,40.987313,40.94061
2024-06-01 11:59:05.848,40.987313,40.940605
2024-06-01 11:59:06.360,40.987313,40.940605
2024-06-01 11:59:06.872,40.987313,40.93538
2024-06-01 11:59:07.383,40.987313,40.93538
2024-06-01 11:59:07.895,40.987313,40.93538
2024-06-01 11:59:08.407,40.987313,40.93538
2024-06-01 11:59:08.919,40.987313,40.945843
2024-06-01 11:59:09.431,40.987313,40.945843
2024-06-01 11:59:09.943,40.987313,40.945843
2024-06-01 11:59:10.455,40.987313,40.945843
