timestamp,Actual,Predicted
2024-06-01 11:40:05.124,359.711764,358.32553
2024-06-01 11:40:05.636,359.711764,359.9901
2024-06-01 11:40:06.148,370.208829,361.4433
2024-06-01 11:40:06.660,370.208829,368.6783
2024-06-01 11:40:07.172,370.208829,372.25735
2024-06-01 11:40:07.684,370.208829,370.64807
2024-06-01 11:40:08.196,370.208829,369.23547
2024-06-01 11:40:08.708,370.208829,369.65314
2024-06-01 11:40:09.220,370.208829,369.97418
2024-06-01 11:40:09.732,370.208829,370.1629
2024-06-01 11:40:10.244,370.208829,370.33554
2024-06-01 11:40:10.756,370.208829,370.5002
2024-06-01 11:40:11.268,370.208829,370.6667
2024-06-01 11:40:11.780,370.208829,370.6667
2024-06-01 11:40:12.292,370.208829,370.6667
2024-06-01 11:40:12.804,370.208829,370.6667
2024-06-01 11:40:13.316,370.208829,370.6667
2024-06-01 11:40:13.828,370.208829,370.6667
2024-06-01 11:40:14.340,359.711764,370.6667
2024-06-01 11:40:14.852,359.711764,363.30597
2024-06-01 11:40:15.364,359.711764,359.71893
2024-06-01 11:40:15.876,359.711764,360.93604
2024-06-01 11:40:16.388,370.208829,362.06305
2024-06-01 11:40:16.900,370.208829,368.9901
2024-06-01 11:40:17.412,370.208829,372.25735
2024-06-01 11:40:17.924,370.208829,370.64807
2024-06-01 11:40:18.436,370.208829,369.23547
2024-06-01 11:40:18.948,370.208829,369.65314
2024-06-01 11:40:19.460,370.208829,369.97418
2024-06-01 11:40:19.972,370.208829,370.1629
2024-06-01 11:40:20.484,370.208829,370.33554
2024-06-01 11:40:20.996,370.208829,370.50018
2024-06-01 11:40:21.508,370.208829,370.6667
2024-06-01 11:40:22.020,370.208829,370.6667
2024-06-01 11:40:22.532,359.711764,370.6667
2024-06-01 11:40:23.044,359.711764,363.30597
2024-06-01 11:40:23.556,359.711764,359.71893
2024-06-01 11:40:24.068,359.711764,360.93604
2024-06-01 11:40:24.580,359.711764,362.06305
2024-06-01 11:40:25.092,359.711764,361.59094
2024-06-01 11:40:25.604,359.711764,361.15027
2024-06-01 11:40:26.116,359.711764,360.97522
2024-06-01 11:40:26.628,391.202959,360.80728
2024-06-01 11:40:27.140,391.202959,383.23492
2024-06-01 11:40:27.652,391.202959,394.67004
2024-06-01 11:40:28.164,391.202959,388.88733
2024-06-01 11:40:28.676,370.208829,384.34332
2024-06-01 11:40:29.188,370.849748,371.80423
2024-06-01 11:40:29.700,370.849748,366.57233
2024-06-01 11:40:30.212,370.849748,370.12302
2024-06-01 11:40:30.724,370.849748,373.2218
2024-06-01 11:40:31.236,370.208829,372.55313
2024-06-01 11:40:31.748,370.208829,371.9406
2024-06-01 11:40:32.260,370.208829,371.6648
2024-06-01 11:40:32.772,359.711764,371.3486
2024-06-01 11:40:33.284,359.711764,363.6544
2024-06-01 11:40:33.796,359.711764,359.71893
2024-06-01 11:40:34.308,359.711764,360.93604
2024-06-01 11:40:34.820,359.711764,362.06305
2024-06-01 11:40:35.332,359.711764,361.59094
2024-06-01 11:40:35.844,359.711764,361.15027
2024-06-01 11:40:36.356,359.711764,360.97522
2024-06-01 11:40:36.868,380.705894,360.80725
2024-06-01 11:40:37.380,380.705894,375.59058
2024-06-01 11:40:37.892,380.705894,383.0062
2024-06-01 11:40:38.403,380.705894,379.61584
2024-06-01 11:40:38.915,359.711764,376.86197
2024-06-01 11:40:39.427,359.711764,363.46667
2024-06-01 11:40:39.939,359.711764,357.5008
2024-06-01 11:40:40.451,359.711764,360.38037
2024-06-01 11:40:40.963,370.208829,363.00214
2024-06-01 11:40:41.475,370.208829,369.78036
2024-06-01 11:40:41.987,370.208829,372.89084
2024-06-01 11:40:42.499,370.208829,371.1625
2024-06-01 11:40:43.011,391.202959,369.5763
2024-06-01 11:40:43.523,391.202959,384.97437
2024-06-01 11:40:44.035,391.202959,392.76617
2024-06-01 11:40:44.547,391.202959,389.00995
2024-06-01 11:40:45.059,349.2147,386.10156
2024-06-01 11:40:45.571,349.2147,358.69873
2024-06-01 11:40:46.083,349.2147,346.50867
2024-06-01 11:40:46.595,349.2147,350.71283
2024-06-01 11:40:47.107,370.208829,355.04895
2024-06-01 11:40:47.619,370.208829,368.70248
2024-06-01 11:40:48.131,370.208829,374.92514
2024-06-01 11:40:48.643,370.208829,371.6485
2024-06-01 11:40:49.155,370.208829,368.53967
2024-06-01 11:40:49.667,370.849748,369.01086
2024-06-01 11:40:50.179,370.849748,369.27393
2024-06-01 11:40:50.691,370.849748,369.6668
2024-06-01 11:40:51.203,360.334511,370.01373
2024-06-01 11:40:51.715,359.711764,362.9746
2024-06-01 11:40:52.227,359.711764,359.71893
2024-06-01 11:40:52.739,359.711764,360.93604
2024-06-01 11:40:53.251,370.208829,362.06308
2024-06-01 11:40:53.763,370.208829,368.9901
2024-06-01 11:40:54.275,370.208829,372.25735
2024-06-01 11:40:54.787,370.208829,370.64807
2024-06-01 11:40:55.299,380.705894,369.23547
2024-06-01 11:40:55.811,380.705894,377.1703
2024-06-01 11:40:56.323,380.705894,381.23376
2024-06-01 11:40:56.835,380.705894,379.69244
2024-06-01 11:40:57.347,380.705894,378.45996
2024-06-01 11:40:57.859,381.364986,379.34882
2024-06-01 11:40:58.371,381.364986,380.1183
2024-06-01 11:40:58.883,381.364986,380.29776
2024-06-01 11:40:59.395,370.849748,380.47058
2024-06-01 11:40:59.907,370.208829,373.17337
2024-06-01 11:41:00.419,370.208829,369.73016
2024-06-01 11:41:00.931,370.208829,371.14804
2024-06-01 11:41:01.443,359.711764,372.43585
2024-06-01 11:41:01.955,360.334511,364.5091
2024-06-01 11:41:02.467,360.334511,360.38654
2024-06-01 11:41:02.979,360.334511,361.41095
2024-06-01 11:41:03.491,370.849748,362.3812
2024-06-01 11:41:04.003,370.208829,369.15173
2024-06-01 11:41:04.515,370.208829,372.25735
2024-06-01 11:41:05.027,370.208829,370.64807
2024-06-01 11:41:05.539,370.208829,369.23547
2024-06-01 11:41:06.051,370.208829,369.65314
2024-06-01 11:41:06.563,370.208829,369.97418
2024-06-01 11:41:07.075,370.208829,370.1629
2024-06-01 11:41:07.587,380.705894,370.33554
2024-06-01 11:41:08.099,381.364986,378.01453
2024-06-01 11:41:08.611,381.364986,381.9231
2024-06-01 11:41:09.123,381.364986,380.22357
2024-06-01 11:41:09.635,370.849748,378.8094
2024-06-01 11:41:10.147,370.849748,372.0506
2024-06-01 11:41:10.659,370.849748,369.02136
2024-06-01 11:41:11.171,370.849748,370.6556
2024-06-01 11:41:11.683,349.819273,372.1117
2024-06-01 11:41:12.195,349.819273,357.1625
2024-06-01 11:41:12.707,349.819273,349.77905
2024-06-01 11:41:13.219,349.819273,351.53238
2024-06-01 11:41:13.731,360.334511,353.34906
2024-06-01 11:41:14.243,360.334511,359.7275
2024-06-01 11:41:14.755,360.334511,362.4726
2024-06-01 11:41:15.267,360.334511,360.95868
2024-06-01 11:41:15.779,349.819273,359.57138
2024-06-01 11:41:16.291,349.2147,352.48526
2024-06-01 11:41:16.803,349.2147,349.04303
2024-06-01 11:41:17.315,349.2147,350.25284
2024-06-01 11:41:17.827,359.711764,351.34515
2024-06-01 11:41:18.339,359.711764,358.38104
2024-06-01 11:41:18.851,359.711764,361.822
2024-06-01 11:41:19.363,359.711764,360.4583
2024-06-01 11:41:19.875,370.208829,359.25427
2024-06-01 11:41:20.387,370.208829,366.98438
2024-06-01 11:41:20.899,370.208829,370.93005
2024-06-01 11:41:21.411,370.208829,369.6403
2024-06-01 11:41:21.923,359.711764,368.58945
2024-06-01 11:41:22.435,360.334511,361.9625
2024-06-01 11:41:22.947,360.334511,359.02515
2024-06-01 11:41:23.459,360.334511,360.46002
2024-06-01 11:41:23.971,349.819273,361.74982
2024-06-01 11:41:24.483,349.819273,354.1958
2024-06-01 11:41:24.995,349.819273,350.375
2024-06-01 11:41:25.507,349.819273,351.17657
2024-06-01 11:41:26.019,391.880224,351.95926
2024-06-01 11:41:26.531,391.880224,381.29083
2024-06-01 11:41:27.043,391.880224,396.39594
2024-06-01 11:41:27.555,391.880224,388.80008
2024-06-01 11:41:28.067,370.849748,382.74
2024-06-01 11:41:28.579,370.849748,370.6856
2024-06-01 11:41:29.091,370.849748,365.7541
2024-06-01 11:41:29.603,370.849748,369.63074
2024-06-01 11:41:30.115,360.334511,372.92276
2024-06-01 11:41:30.627,360.334511,365.04456
2024-06-01 11:41:31.139,360.334511,361.00598
2024-06-01 11:41:31.651,360.334511,361.66602
2024-06-01 11:41:32.163,349.819273,362.56357
2024-06-01 11:41:32.675,349.819273,354.4402
2024-06-01 11:41:33.187,349.819273,349.93985
2024-06-01 11:41:33.699,349.819273,350.7025
2024-06-01 11:41:34.211,349.819273,351.52704
2024-06-01 11:41:34.723,349.819273,351.0037
2024-06-01 11:41:35.235,349.819273,350.52393
2024-06-01 11:41:35.747,349.819273,350.4145
2024-06-01 11:41:36.259,360.334511,350.35828
2024-06-01 11:41:36.771,360.334511,357.47784
2024-06-01 11:41:37.283,360.334511,360.97833
2024-06-01 11:41:37.795,360.334511,359.7798
2024-06-01 11:41:38.307,339.304035,358.74728
2024-06-01 11:41:38.819,339.304035,344.9361
2024-06-01 11:41:39.331,339.304035,338.46027
2024-06-01 11:41:39.843,339.304035,340.26343
2024-06-01 11:41:40.355,360.334511,342.01172
2024-06-01 11:41:40.867,360.334511,355.919
2024-06-01 11:41:41.379,360.334511,362.77118
2024-06-01 11:41:41.891,360.334511,360.17218
2024-06-01 11:41:42.403,349.819273,357.8616
2024-06-01 11:41:42.915,349.819273,351.25717
2024-06-01 11:41:43.427,349.819273,348.21442
2024-06-01 11:41:43.939,349.819273,349.63513
2024-06-01 11:41:44.451,349.819273,350.88785
2024-06-01 11:41:44.963,349.819273,350.7849
2024-06-01 11:41:45.475,349.819273,350.7049
2024-06-01 11:41:45.987,349.819273,350.5245
2024-06-01 11:41:46.499,349.819273,350.35828
2024-06-01 11:41:47.011,349.2147,350.20532
2024-06-01 11:41:47.523,349.2147,350.05826
2024-06-01 11:41:48.035,349.2147,350.05826
2024-06-01 11:41:48.547,349.2147,350.05826
2024-06-01 11:41:49.059,349.819273,350.05826
2024-06-01 11:41:49.571,349.819273,350.05826
2024-06-01 11:41:50.083,349.819273,350.05826
2024-06-01 11:41:50.595,370.849748,350.05826
2024-06-01 11:41:51.107,370.849748,364.75586
2024-06-01 11:41:51.619,370.849748,372.22217
2024-06-01 11:41:52.131,370.849748,369.375
2024-06-01 11:41:52.643,360.334511,367.0127
2024-06-01 11:41:53.155,360.334511,360.78833
2024-06-01 11:41:53.667,360.334511,358.14365
2024-06-01 11:41:54.179,360.334511,359.8
2024-06-01 11:41:54.691,349.819273,361.25333
2024-06-01 11:41:55.203,349.819273,353.84763
2024-06-01 11:41:55.715,349.819273,350.17197
2024-06-01 11:41:56.227,349.819273,350.97974
2024-06-01 11:41:56.739,370.849748,351.7732
2024-06-01 11:41:57.251,370.849748,365.91135
2024-06-01 11:41:57.763,370.849748,372.8642
2024-06-01 11:41:58.275,370.849748,369.86734
2024-06-01 11:41:58.787,360.334511,367.3115
2024-06-01 11:41:59.299,360.334511,360.93863
2024-06-01 11:41:59.811,360.334511,358.14365
2024-06-01 11:42:00.323,360.334511,359.8
2024-06-01 11:42:00.835,360.334511,361.25333
2024-06-01 11:42:01.347,360.334511,361.0772
2024-06-01 11:42:01.859,360.334511,360.93408
2024-06-01 11:42:02.371,360.334511,360.76425
2024-06-01 11:42:02.883,349.819273,360.59958
2024-06-01 11:42:03.395,349.819273,353.21057
2024-06-01 11:42:03.907,349.819273,349.52332
2024-06-01 11:42:04.419,349.819273,350.52472
2024-06-01 11:42:04.931,349.819273,351.471
2024-06-01 11:42:05.443,349.819273,351.07703
2024-06-01 11:42:05.955,349.819273,350.7049
2024-06-01 11:42:06.467,349.819273,350.5245
2024-06-01 11:42:06.979,360.334511,350.35828
2024-06-01 11:42:07.491,360.334511,357.47784
2024-06-01 11:42:08.003,360.334511,360.97833
2024-06-01 11:42:08.515,360.334511,359.7798
2024-06-01 11:42:09.027,349.819273,358.74728
2024-06-01 11:42:09.539,349.819273,351.98712
2024-06-01 11:42:10.051,349.819273,348.86584
2024-06-01 11:42:10.563,349.819273,350.0749
2024-06-01 11:42:11.074,360.334511,351.17548
2024-06-01 11:42:11.586,360.334511,358.1982
2024-06-01 11:42:12.098,360.334511,361.62347
2024-06-01 11:42:12.610,360.334511,360.25974
2024-06-01 11:42:13.122,349.819273,359.0468
2024-06-01 11:42:13.634,349.819273,352.13504
2024-06-01 11:42:14.146,349.819273,348.86584
2024-06-01 11:42:14.658,349.819273,350.0749
2024-06-01 11:42:15.170,349.819273,351.17548
2024-06-01 11:42:15.682,349.819273,350.92883
2024-06-01 11:42:16.194,349.819273,350.7049
2024-06-01 11:42:16.706,349.819273,350.5245
2024-06-01 11:42:17.218,370.849748,350.35828
2024-06-01 11:42:17.730,370.849748,364.89987
2024-06-01 11:42:18.242,370.849748,372.22217
2024-06-01 11:42:18.754,370.849748,369.375
2024-06-01 11:42:19.266,349.819273,367.0127
2024-06-01 11:42:19.778,349.819273,353.60077
2024-06-01 11:42:20.290,349.819273,347.5467
2024-06-01 11:42:20.802,349.819273,350.0136
2024-06-01 11:42:21.314,370.849748,352.29028
2024-06-01 11:42:21.826,370.849748,366.49426
2024-06-01 11:42:22.338,370.849748,373.49417
2024-06-01 11:42:22.850,370.849748,370.37256
2024-06-01 11:42:23.362,349.819273,367.62488
2024-06-01 11:42:23.874,349.819273,353.9093
2024-06-01 11:42:24.386,349.819273,347.5467
2024-06-01 11:42:24.898,349.819273,350.0136
2024-06-01 11:42:25.410,349.819273,352.29028
2024-06-01 11:42:25.922,349.819273,351.81512
2024-06-01 11:42:26.434,349.819273,351.34238
2024-06-01 11:42:26.946,349.819273,350.99866
2024-06-01 11:42:27.458,360.334511,350.66757
2024-06-01 11:42:27.970,360.334511,357.6279
2024-06-01 11:42:28.482,360.334511,360.97833
2024-06-01 11:42:28.994,360.334511,359.7798
2024-06-01 11:42:29.506,349.819273,358.74728
2024-06-01 11:42:30.018,349.819273,351.98712
2024-06-01 11:42:30.530,349.819273,348.86584
2024-06-01 11:42:31.042,349.819273,350.0749
2024-06-01 11:42:31.554,360.334511,351.17548
2024-06-01 11:42:32.066,360.334511,358.19818
2024-06-01 11:42:32.578,360.334511,361.62347
2024-06-01 11:42:33.090,360.334511,360.25974
2024-06-01 11:42:33.602,349.819273,359.0468
2024-06-01 11:42:34.114,349.819273,352.13504
2024-06-01 11:42:34.626,349.819273,348.86584
2024-06-01 11:42:35.138,349.819273,350.0749
2024-06-01 11:42:35.650,349.819273,351.17548
2024-06-01 11:42:36.162,349.819273,350.92886
2024-06-01 11:42:36.674,349.819273,350.7049
2024-06-01 11:42:37.186,349.819273,350.5245
2024-06-01 11:42:37.698,349.819273,350.35828
2024-06-01 11:42:38.210,349.819273,350.20532
2024-06-01 11:42:38.722,349.819273,350.05826
2024-06-01 11:42:39.234,349.819273,350.05826
2024-06-01 11:42:39.746,370.849748,350.05826
2024-06-01 11:42:40.258,370.849748,364.75586
2024-06-01 11:42:40.770,370.849748,372.22217
2024-06-01 11:42:41.282,370.849748,369.375
2024-06-01 11:42:41.794,370.849748,367.0127
2024-06-01 11:42:42.306,370.849748,368.15326
2024-06-01 11:42:42.818,370.849748,369.07953
2024-06-01 11:42:43.330,370.849748,369.46503
2024-06-01 11:42:43.842,349.819273,369.80615
2024-06-01 11:42:44.354,349.819273,355.58868
2024-06-01 11:42:44.866,349.819273,348.90927
2024-06-01 11:42:45.378,349.819273,350.8865
2024-06-01 11:42:45.890,349.819273,352.86017
2024-06-01 11:42:46.402,349.819273,352.1109
2024-06-01 11:42:46.914,349.819273,351.34238
2024-06-01 11:42:47.426,349.819273,350.99866
2024-06-01 11:42:47.938,349.819273,350.6676
2024-06-01 11:42:48.450,349.819273,350.35684
2024-06-01 11:42:48.962,349.819273,350.05826
2024-06-01 11:42:49.474,349.819273,350.05826
2024-06-01 11:42:49.986,360.334511,350.05826
2024-06-01 11:42:50.498,360.334511,357.33228
2024-06-01 11:42:51.010,360.334511,360.97833
2024-06-01 11:42:51.522,360.334511,359.7798
2024-06-01 11:42:52.034,360.334511,358.74728
2024-06-01 11:42:52.546,360.334511,359.2262
2024-06-01 11:42:53.058,360.334511,359.63052
2024-06-01 11:42:53.570,360.334511,359.818
2024-06-01 11:42:54.082,360.334511,359.98468
2024-06-01 11:42:54.594,360.334511,360.1377
2024-06-01 11:42:55.106,360.334511,360.28766
2024-06-01 11:42:55.618,360.334511,360.28766
2024-06-01 11:42:56.130,370.849748,360.28766
2024-06-01 11:42:56.642,370.849748,367.68414
2024-06-01 11:42:57.154,370.849748,371.38275
2024-06-01 11:42:57.666,370.849748,369.92395
2024-06-01 11:42:58.178,360.334511,368.6856
2024-06-01 11:42:58.690,360.334511,361.91397
2024-06-01 11:42:59.202,360.334511,358.8313
2024-06-01 11:42:59.714,360.334511,360.2601
2024-06-01 11:43:00.226,360.334511,361.55096
2024-06-01 11:43:00.738,360.334511,361.22736
2024-06-01 11:43:01.250,360.334511,360.93408
2024-06-01 11:43:01.762,360.334511,360.76425
2024-06-01 11:43:02.274,360.334511,360.59958
2024-06-01 11:43:02.786,360.334511,360.44205
2024-06-01 11:43:03.298,360.334511,360.28766
2024-06-01 11:43:03.810,360.334511,360.28766
2024-06-01 11:43:04.322,349.819273,360.28766
2024-06-01 11:43:04.834,349.819273,353.05466
2024-06-01 11:43:05.346,349.819273,349.52332
2024-06-01 11:43:05.858,349.819273,350.52472
2024-06-01 11:43:06.370,349.819273,351.471
2024-06-01 11:43:06.882,349.819273,351.07703
2024-06-01 11:43:07.394,349.819273,350.7049
2024-06-01 11:43:07.906,349.819273,350.5245
2024-06-01 11:43:08.418,370.849748,350.35828
2024-06-01 11:43:08.930,370.849748,364.89987
2024-06-01 11:43:09.442,370.849748,372.22217
2024-06-01 11:43:09.954,370.849748,369.375
2024-06-01 11:43:10.466,339.304035,367.0127
2024-06-01 11:43:10.978,338.717635,346.61218
2024-06-01 11:43:11.490,338.717635,337.3103
2024-06-01 11:43:12.002,338.717635,340.16736
2024-06-01 11:43:12.514,359.711764,342.98773
2024-06-01 11:43:13.026,360.334511,356.75598
2024-06-01 11:43:13.538,360.334511,363.41205
2024-06-01 11:43:14.050,360.334511,360.67606
2024-06-01 11:43:14.562,360.334511,358.16443
2024-06-01 11:43:15.074,360.334511,358.6457
2024-06-01 11:43:15.586,360.334511,358.9785
2024-06-01 11:43:16.098,360.334511,359.36066
2024-06-01 11:43:16.610,360.334511,359.69205
2024-06-01 11:43:17.122,360.334511,359.9924
2024-06-01 11:43:17.634,360.334511,360.28766
2024-06-01 11:43:18.146,360.334511,360.28766
2024-06-01 11:43:18.658,360.334511,360.28766
2024-06-01 11:43:19.170,360.334511,360.28766
2024-06-01 11:43:19.682,360.334511,360.28766
2024-06-01 11:43:20.194,360.334511,360.28766
2024-06-01 11:43:20.706,360.334511,360.28766
2024-06-01 11:43:21.218,360.334511,360.28766
2024-06-01 11:43:21.730,360.334511,360.28766
2024-06-01 11:43:22.242,360.334511,360.28766
2024-06-01 11:43:22.754,360.334511,360.28766
2024-06-01 11:43:23.266,360.334511,360.28766
2024-06-01 11:43:23.778,360.334511,360.28766
2024-06-01 11:43:24.290,360.334511,360.28766
2024-06-01 11:43:24.802,360.334511,360.28766
2024-06-01 11:43:25.314,360.334511,360.28766
2024-06-01 11:43:25.826,360.334511,360.28766
2024-06-01 11:43:26.338,360.334511,360.28766
2024-06-01 11:43:26.850,339.304035,360.28766
2024-06-01 11:43:27.362,339.304035,346.00958
2024-06-01 11:43:27.874,339.304035,339.11633
2024-06-01 11:43:28.386,339.304035,340.6939
2024-06-01 11:43:28.898,360.334511,342.30096
2024-06-01 11:43:29.410,360.334511,356.06503
2024-06-01 11:43:29.922,360.334511,362.77118
2024-06-01 11:43:30.434,360.334511,360.17218
2024-06-01 11:43:30.946,349.819273,357.8616
2024-06-01 11:43:31.458,349.819273,351.25717
2024-06-01 11:43:31.970,349.819273,348.21442
2024-06-01 11:43:32.482,349.819273,349.63513
2024-06-01 11:43:32.994,370.849748,350.88785
2024-06-01 11:43:33.506,370.849748,365.47614
2024-06-01 11:43:34.018,370.849748,372.8642
2024-06-01 11:43:34.530,370.849748,369.86734
2024-06-01 11:43:35.042,349.819273,367.31146
2024-06-01 11:43:35.554,349.819273,353.75226
2024-06-01 11:43:36.066,349.819273,347.5467
2024-06-01 11:43:36.578,349.819273,350.0136
2024-06-01 11:43:37.090,360.334511,352.29028
2024-06-01 11:43:37.602,360.334511,359.0798
2024-06-01 11:43:38.114,360.334511,362.25803
2024-06-01 11:43:38.626,360.334511,360.7499
2024-06-01 11:43:39.138,412.910699,359.3581
2024-06-01 11:43:39.650,412.910699,397.53784
2024-06-01 11:43:40.162,412.910699,417.5962
2024-06-01 11:43:40.674,412.910699,405.94638
2024-06-01 11:43:41.186,349.819273,397.39774
2024-06-01 11:43:41.698,349.819273,358.86908
2024-06-01 11:43:42.210,349.819273,343.0046
2024-06-01 11:43:42.722,349.819273,349.56897
2024-06-01 11:43:43.233,349.819273,356.19977
2024-06-01 11:43:43.745,349.819273,355.16232
2024-06-01 11:43:44.257,349.819273,353.4649
2024-06-01 11:43:44.769,349.819273,352.84454
2024-06-01 11:43:45.281,349.819273,351.96808
2024-06-01 11:43:45.793,349.819273,351.0027
2024-06-01 11:43:46.305,349.819273,350.05826
2024-06-01 11:43:46.817,349.819273,350.05826
2024-06-01 11:43:47.329,349.819273,350.05826
2024-06-01 11:43:47.841,349.819273,350.05826
2024-06-01 11:43:48.353,349.819273,350.05826
2024-06-01 11:43:48.865,349.819273,350.05826
2024-06-01 11:43:49.377,370.849748,350.05826
2024-06-01 11:43:49.889,370.849748,364.75586
2024-06-01 11:43:50.401,370.849748,372.22217
2024-06-01 11:43:50.913,370.849748,369.375
2024-06-01 11:43:51.425,360.334511,367.0127
2024-06-01 11:43:51.937,360.334511,360.78833
2024-06-01 11:43:52.449,360.334511,358.14365
2024-06-01 11:43:52.961,360.334511,359.8
2024-06-01 11:43:53.473,360.334511,361.25336
2024-06-01 11:43:53.985,360.334511,361.07724
2024-06-01 11:43:54.497,360.334511,360.93408
2024-06-01 11:43:55.009,360.334511,360.76425
2024-06-01 11:43:55.521,349.819273,360.59958
2024-06-01 11:43:56.033,349.819273,353.21057
2024-06-01 11:43:56.545,349.819273,349.52332
2024-06-01 11:43:57.057,349.819273,350.52472
2024-06-01 11:43:57.569,381.364986,351.471
2024-06-01 11:43:58.081,381.364986,373.29868
2024-06-01 11:43:58.593,381.364986,384.3861
2024-06-01 11:43:59.105,381.364986,379.3042
2024-06-01 11:43:59.617,370.849748,375.11884
2024-06-01 11:44:00.129,370.849748,369.51776
2024-06-01 11:44:00.641,370.849748,367.34747
2024-06-01 11:44:01.153,370.849748,369.46588
2024-06-01 11:44:01.665,349.819273,371.26517
2024-06-01 11:44:02.177,349.819273,356.6198
2024-06-01 11:44:02.689,349.819273,349.55756
2024-06-01 11:44:03.201,349.819273,351.32025
2024-06-01 11:44:03.713,360.334511,353.14877
2024-06-01 11:44:04.225,360.334511,359.52338
2024-06-01 11:44:04.737,360.334511,362.25803
2024-06-01 11:44:05.249,360.334511,360.7499
2024-06-01 11:44:05.761,349.819273,359.3581
2024-06-01 11:44:06.273,349.819273,352.28802
2024-06-01 11:44:06.785,349.819273,348.86584
2024-06-01 11:44:07.297,349.819273,350.0749
2024-06-01 11:44:07.809,318.27356,351.17548
2024-06-01 11:44:08.321,318.27356,330.26053
2024-06-01 11:44:08.833,318.27356,320.1584
2024-06-01 11:44:09.345,318.27356,321.13593
2024-06-01 11:44:09.857,328.788798,322.4359
2024-06-01 11:44:10.369,328.788798,328.3044
2024-06-01 11:44:10.881,328.788798,330.74142
2024-06-01 11:44:11.393,328.788798,329.7782
2024-06-01 11:44:11.905,318.27356,328.84634
2024-06-01 11:44:12.417,317.723506,321.9171
2024-06-01 11:44:12.929,317.723506,318.45587
2024-06-01 11:44:13.441,317.723506,318.92767
2024-06-01 11:44:13.953,328.22057,319.39362
2024-06-01 11:44:14.465,328.788798,326.04077
2024-06-01 11:44:14.977,328.788798,329.31842
2024-06-01 11:44:15.489,328.788798,328.7627
2024-06-01 11:44:16.001,318.27356,328.22736
2024-06-01 11:44:16.513,318.27356,321.61533
2024-06-01 11:44:17.025,318.27356,318.45587
2024-06-01 11:44:17.537,318.27356,318.92767
2024-06-01 11:44:18.049,318.27356,319.39362
2024-06-01 11:44:18.561,318.27356,319.25986
2024-06-01 11:44:19.073,318.27356,319.15118
2024-06-01 11:44:19.585,318.27356,318.94928
2024-06-01 11:44:20.097,328.788798,318.77118
2024-06-01 11:44:20.609,328.788798,325.39175
2024-06-01 11:44:21.121,328.788798,328.6171
2024-06-01 11:44:21.633,328.788798,328.2737
2024-06-01 11:44:22.145,328.788798,327.9322
2024-06-01 11:44:22.657,328.788798,328.24475
2024-06-01 11:44:23.169,328.788798,328.50977
2024-06-01 11:44:23.681,328.788798,328.70532
2024-06-01 11:44:24.193,328.788798,328.87393
2024-06-01 11:44:24.705,328.788798,329.02344
2024-06-01 11:44:25.217,328.788798,329.1668
2024-06-01 11:44:25.729,328.788798,329.1668
2024-06-01 11:44:26.241,318.27356,329.16678
2024-06-01 11:44:26.753,318.27356,322.39648
2024-06-01 11:44:27.265,318.27356,319.10953
2024-06-01 11:44:27.777,318.27356,319.3911
2024-06-01 11:44:28.289,328.788798,319.7029
2024-06-01 11:44:28.801,328.788798,326.19415
2024-06-01 11:44:29.313,328.788798,329.31842
2024-06-01 11:44:29.825,328.788798,328.7627
2024-06-01 11:44:30.337,328.788798,328.22736
2024-06-01 11:44:30.849,328.788798,328.38812
2024-06-01 11:44:31.361,328.788798,328.50977
2024-06-01 11:44:31.873,328.788798,328.20306
2024-06-01 11:44:32.385,318.27356,328.6519
2024-06-01 11:44:32.897,318.27356,321.62674
2024-06-01 11:44:33.409,318.27356,317.88498
2024-06-01 11:44:33.921,318.27356,318.03235
2024-06-01 11:44:34.433,318.27356,318.4096
2024-06-01 11:44:34.945,318.27356,318.20822
2024-06-01 11:44:35.457,318.27356,318.1214
2024-06-01 11:44:35.969,318.27356,318.21255
2024-06-01 11:44:36.481,307.758322,318.45825
2024-06-01 11:44:36.993,307.758322,311.77066
2024-06-01 11:44:37.505,307.758322,308.4667
2024-06-01 11:44:38.017,307.758322,308.559
2024-06-01 11:44:38.529,328.788798,308.73975
2024-06-01 11:44:39.041,328.788798,321.73218
2024-06-01 11:44:39.553,328.788798,328.21698
2024-06-01 11:44:40.065,328.788798,327.4349
2024-06-01 11:44:40.577,328.788798,326.58582
2024-06-01 11:44:41.089,328.788798,327.0796
2024-06-01 11:44:41.601,328.788798,327.4953
2024-06-01 11:44:42.113,328.788798,327.87183
2024-06-01 11:44:42.625,318.27356,328.18762
2024-06-01 11:44:43.137,318.27356,321.72125
2024-06-01 11:44:43.649,318.27356,318.69022
2024-06-01 11:44:44.161,318.27356,319.00555
2024-06-01 11:44:44.673,339.304035,319.37543
2024-06-01 11:44:45.185,339.304035,332.75848
2024-06-01 11:44:45.697,339.304035,339.45862
2024-06-01 11:44:46.209,339.304035,338.136
2024-06-01 11:44:46.721,328.788798,336.8565
2024-06-01 11:44:47.233,328.22057,330.5004
2024-06-01 11:44:47.745,328.22057,327.6134
2024-06-01 11:44:48.257,328.22057,328.53653
2024-06-01 11:44:48.769,359.711764,329.39447
2024-06-01 11:44:49.281,359.711764,350.61978
2024-06-01 11:44:49.793,359.711764,361.58957
2024-06-01 11:44:50.305,359.711764,358.27106
2024-06-01 11:44:50.817,349.2147,355.32996
2024-06-01 11:44:51.329,349.2147,349.36804
2024-06-01 11:44:51.841,349.2147,346.90356
2024-06-01 11:44:52.353,349.2147,348.5014
2024-06-01 11:44:52.865,349.2147,349.89752
2024-06-01 11:44:53.377,349.2147,349.89633
2024-06-01 11:44:53.889,349.2147,349.88678
2024-06-01 11:44:54.401,349.2147,349.72263
2024-06-01 11:44:54.913,349.2147,349.5685
2024-06-01 11:44:55.425,349.2147,349.42813
2024-06-01 11:44:55.937,349.2147,349.29797
2024-06-01 11:44:56.449,349.2147,349.29797
2024-06-01 11:44:56.961,338.717635,349.29797
2024-06-01 11:44:57.473,338.717635,342.24335
2024-06-01 11:44:57.985,338.717635,338.8007
2024-06-01 11:44:58.497,338.717635,339.57574
2024-06-01 11:44:59.009,349.2147,340.34595
2024-06-01 11:44:59.521,349.2147,347.08963
2024-06-01 11:45:00.033,349.2147,350.3175
2024-06-01 11:45:00.545,349.2147,349.22003
2024-06-01 11:45:01.057,359.711764,348.20346
2024-06-01 11:45:01.569,360.334511,355.69608
2024-06-01 11:45:02.081,360.334511,359.54498
2024-06-01 11:45:02.593,360.334511,358.51764
2024-06-01 11:45:03.105,339.304035,357.63058
2024-06-01 11:45:03.617,338.717635,344.04227
2024-06-01 11:45:04.129,338.717635,337.77063
2024-06-01 11:45:04.641,338.717635,339.55704
2024-06-01 11:45:05.153,338.717635,341.33215
2024-06-01 11:45:05.665,338.717635,340.82208
2024-06-01 11:45:06.177,338.717635,340.27524
2024-06-01 11:45:06.689,338.717635,339.93652
2024-06-01 11:45:07.201,328.22057,339.61975
2024-06-01 11:45:07.713,328.22057,332.4334
2024-06-01 11:45:08.225,328.22057,328.80148
2024-06-01 11:45:08.737,328.22057,329.34772
2024-06-01 11:45:09.249,338.717635,329.91815
2024-06-01 11:45:09.761,338.717635,336.53827
2024-06-01 11:45:10.273,338.717635,339.72607
2024-06-01 11:45:10.785,338.717635,338.88248
2024-06-01 11:45:11.297,338.717635,338.07858
2024-06-01 11:45:11.809,339.304035,338.2891
2024-06-01 11:45:12.321,339.304035,338.47473
2024-06-01 11:45:12.833,339.304035,338.658
2024-06-01 11:45:13.345,339.304035,338.81494
2024-06-01 11:45:13.857,338.717635,338.95044
2024-06-01 11:45:14.369,338.717635,339.07477
2024-06-01 11:45:14.881,338.717635,339.07477
2024-06-01 11:45:15.393,338.717635,339.07477
2024-06-01 11:45:15.904,338.717635,339.07477
2024-06-01 11:45:16.416,338.717635,339.07477
2024-06-01 11:45:16.928,338.717635,339.07477
2024-06-01 11:45:17.440,338.717635,339.07477
2024-06-01 11:45:17.952,338.717635,339.07477
2024-06-01 11:45:18.464,338.717635,339.07477
2024-06-01 11:45:18.976,338.717635,339.07477
2024-06-01 11:45:19.488,338.717635,339.07477
2024-06-01 11:45:20.000,338.717635,339.07477
2024-06-01 11:45:20.512,338.717635,339.07477
2024-06-01 11:45:21.024,338.717635,339.07477
2024-06-01 11:45:21.536,338.717635,339.07477
2024-06-01 11:45:22.048,338.717635,339.07477
2024-06-01 11:45:22.560,338.717635,339.07477
2024-06-01 11:45:23.072,338.717635,339.07477
2024-06-01 11:45:23.584,338.717635,339.07477
2024-06-01 11:45:24.096,338.131235,339.07477
2024-06-01 11:45:24.608,338.131235,339.07477
2024-06-01 11:45:25.120,338.131235,339.07477
2024-06-01 11:45:25.632,327.652343,339.07477
2024-06-01 11:45:26.144,327.652343,332.17096
2024-06-01 11:45:26.656,327.652343,328.80148
2024-06-01 11:45:27.168,327.652343,329.34772
2024-06-01 11:45:27.680,380.046802,329.91815
2024-06-01 11:45:28.192,380.046802,365.6577
2024-06-01 11:45:28.704,380.046802,398.2989
2024-06-01 11:45:29.216,380.046802,388.04385
2024-06-01 11:45:29.728,369.56791,358.7992
2024-06-01 11:45:30.240,370.208829,355.78506
2024-06-01 11:45:30.752,370.208829,364.41113
2024-06-01 11:45:31.264,370.208829,369.1214
2024-06-01 11:45:31.776,370.208829,369.40552
2024-06-01 11:45:32.288,369.56791,369.16797
2024-06-01 11:45:32.800,369.56791,373.52856
2024-06-01 11:45:33.312,369.56791,372.9436
2024-06-01 11:45:33.824,359.089018,366.52307
2024-06-01 11:45:34.336,359.089018,359.22266
2024-06-01 11:45:34.848,359.089018,364.0472
2024-06-01 11:45:35.360,359.089018,365.37195
2024-06-01 11:45:35.872,380.046802,356.78363
2024-06-01 11:45:36.384,380.705894,370.62158
2024-06-01 11:45:36.896,380.705894,381.66736
2024-06-01 11:45:37.408,380.705894,380.2835
2024-06-01 11:45:37.920,380.705894,376.42313
2024-06-01 11:45:38.432,380.705894,378.12027
2024-06-01 11:45:38.944,380.705894,380.04688
2024-06-01 11:45:39.456,380.705894,380.5702
2024-06-01 11:45:39.968,370.208829,380.76636
2024-06-01 11:45:40.480,370.208829,373.62265
2024-06-01 11:45:40.992,370.208829,370.17163
2024-06-01 11:45:41.504,370.208829,371.30838
2024-06-01 11:45:42.016,380.705894,372.18958
2024-06-01 11:45:42.528,380.705894,379.1147
2024-06-01 11:45:43.040,380.705894,382.31122
2024-06-01 11:45:43.552,380.705894,380.49826
2024-06-01 11:45:44.064,359.711764,378.91763
2024-06-01 11:45:44.576,359.089018,364.69568
2024-06-01 11:45:45.088,359.089018,363.75128
2024-06-01 11:45:45.600,359.089018,365.85373
2024-06-01 11:45:46.112,369.56791,359.22046
2024-06-01 11:45:46.624,369.56791,365.3731
2024-06-01 11:45:47.136,369.56791,372.09338
2024-06-01 11:45:47.648,369.56791,371.47955
2024-06-01 11:45:48.160,369.56791,373.2456
2024-06-01 11:45:48.672,370.208829,372.81903
2024-06-01 11:45:49.184,370.208829,366.443
2024-06-01 11:45:49.696,370.208829,366.5669
2024-06-01 11:45:50.208,401.700023,369.72525
2024-06-01 11:45:50.720,401.700023,393.5872
2024-06-01 11:45:51.232,401.700023,404.81506
2024-06-01 11:45:51.744,401.700023,398.20123
2024-06-01 11:45:52.256,391.202959,393.2564
2024-06-01 11:45:52.768,391.202959,388.59378
2024-06-01 11:45:53.280,391.202959,387.31693
2024-06-01 11:45:53.792,391.202959,389.8288
2024-06-01 11:45:54.304,391.202959,391.8476
2024-06-01 11:45:54.816,391.202959,391.46664
2024-06-01 11:45:55.328,391.202959,391.20554
2024-06-01 11:45:55.840,391.202959,391.13654
2024-06-01 11:45:56.352,401.700023,391.01373
2024-06-01 11:45:56.864,401.700023,398.53638
2024-06-01 11:45:57.376,401.700023,402.1358
2024-06-01 11:45:57.888,401.700023,400.02985
2024-06-01 11:45:58.400,412.197088,398.36243
2024-06-01 11:45:58.912,412.197088,407.1489
2024-06-01 11:45:59.424,412.197088,411.77823
2024-06-01 11:45:59.936,412.197088,409.54498
2024-06-01 11:46:00.448,433.191218,407.91833
2024-06-01 11:46:00.960,433.191218,425.01834
2024-06-01 11:46:01.472,433.191218,433.87402
2024-06-01 11:46:01.984,433.191218,428.4624
2024-06-01 11:46:02.496,401.700023,424.73257
2024-06-01 11:46:03.008,401.700023,404.5694
2024-06-01 11:46:03.520,401.700023,396.19165
2024-06-01 11:46:04.032,401.700023,401.7628
2024-06-01 11:46:04.544,391.202959,406.2611
2024-06-01 11:46:05.056,391.202959,396.06586
2024-06-01 11:46:05.568,391.202959,390.23987
2024-06-01 11:46:06.080,391.202959,392.21436
2024-06-01 11:46:06.592,401.700023,393.5726
2024-06-01 11:46:07.104,401.700023,400.09067
2024-06-01 11:46:07.616,401.700023,402.6489
2024-06-01 11:46:08.128,401.700023,400.51877
2024-06-01 11:46:08.640,401.700023,398.73395
2024-06-01 11:46:09.152,401.700023,399.57523
2024-06-01 11:46:09.664,401.700023,400.21506
2024-06-01 11:46:10.176,401.700023,401.39853
2024-06-01 11:46:10.688,401.700023,401.3819
2024-06-01 11:46:11.200,401.700023,402.02216
2024-06-01 11:46:11.712,401.700023,403.04218
2024-06-01 11:46:12.224,401.700023,403.25165
2024-06-01 11:46:12.736,401.700023,402.98468
2024-06-01 11:46:13.248,401.700023,402.8677
2024-06-01 11:46:13.760,401.700023,402.728
2024-06-01 11:46:14.272,401.700023,402.42776
2024-06-01 11:46:14.784,401.700023,401.8854
2024-06-01 11:46:15.296,401.700023,401.8854
2024-06-01 11:46:15.808,401.700023,401.8854
2024-06-01 11:46:16.320,401.700023,401.8854
2024-06-01 11:46:16.832,412.197088,401.8854
2024-06-01 11:46:17.344,412.197088,409.66785
2024-06-01 11:46:17.856,412.197088,420.43643
2024-06-01 11:46:18.368,412.197088,416.84988
2024-06-01 11:46:18.880,412.197088,403.13263
2024-06-01 11:46:19.392,412.197088,404.8537
2024-06-01 11:46:19.904,412.197088,412.13916
2024-06-01 11:46:20.416,412.197088,413.4393
2024-06-01 11:46:20.928,422.694153,411.57117
2024-06-01 11:46:21.440,421.962369,419.19058
2024-06-01 11:46:21.952,421.962369,423.51437
2024-06-01 11:46:22.464,421.962369,421.1096
2024-06-01 11:46:22.976,432.441261,419.41855
2024-06-01 11:46:23.488,433.191218,426.8617
2024-06-01 11:46:24.000,433.191218,420.17264
2024-06-01 11:46:24.512,433.191218,420.81836
2024-06-01 11:46:25.024,443.688282,428.15253
2024-06-01 11:46:25.536,443.688282,438.84436
2024-06-01 11:46:26.048,443.688282,441.53473
2024-06-01 11:46:26.560,443.688282,439.92676
2024-06-01 11:46:27.072,464.682412,440.32397
2024-06-01 11:46:27.584,464.682412,459.5681
2024-06-01 11:46:28.096,464.682412,470.765
2024-06-01 11:46:28.608,464.682412,466.1542
2024-06-01 11:46:29.120,433.191218,462.478
2024-06-01 11:46:29.632,433.191218,441.36023
2024-06-01 11:46:30.144,433.191218,431.73007
2024-06-01 11:46:30.656,433.191218,436.21405
2024-06-01 11:46:31.168,443.688282,440.36182
2024-06-01 11:46:31.680,443.688282,445.9103
2024-06-01 11:46:32.192,443.688282,447.72778
2024-06-01 11:46:32.704,443.688282,446.4854
2024-06-01 11:46:33.216,443.688282,445.1903
2024-06-01 11:46:33.728,443.688282,445.9452
2024-06-01 11:46:34.240,443.688282,446.49472
2024-06-01 11:46:34.752,443.688282,446.40112
2024-06-01 11:46:35.264,433.191218,446.3764
2024-06-01 11:46:35.776,433.191218,438.6279
2024-06-01 11:46:36.288,433.191218,434.73425
2024-06-01 11:46:36.800,433.191218,436.35364
2024-06-01 11:46:37.312,454.185347,437.80814
2024-06-01 11:46:37.824,454.185347,452.66418
2024-06-01 11:46:38.336,454.185347,460.11432
2024-06-01 11:46:38.848,454.185347,456.2036
2024-06-01 11:46:39.360,443.688282,452.86865
2024-06-01 11:46:39.872,443.688282,447.17856
2024-06-01 11:46:40.384,443.688282,445.00235
2024-06-01 11:46:40.896,443.688282,446.59204
2024-06-01 11:46:41.408,464.682412,448.0446
2024-06-01 11:46:41.920,464.682412,463.07593
2024-06-01 11:46:42.432,464.682412,470.5754
2024-06-01 11:46:42.944,464.682412,465.2407
2024-06-01 11:46:43.456,443.688282,462.02304
2024-06-01 11:46:43.968,443.688282,448.48758
2024-06-01 11:46:44.480,443.688282,441.9431
2024-06-01 11:46:44.992,443.688282,445.11023
2024-06-01 11:46:45.504,433.191218,448.15704
2024-06-01 11:46:46.016,433.191218,438.42398
2024-06-01 11:46:46.528,433.191218,433.00525
2024-06-01 11:46:47.040,433.191218,435.25677
2024-06-01 11:46:47.552,433.191218,437.044
2024-06-01 11:46:48.063,433.191218,436.11505
2024-06-01 11:46:48.575,433.191218,435.1933
2024-06-01 11:46:49.087,433.191218,435.35767
2024-06-01 11:46:49.599,443.688282,435.41946
2024-06-01 11:46:50.111,443.688282,443.21902
2024-06-01 11:46:50.623,443.688282,447.21448
2024-06-01 11:46:51.135,443.688282,445.28394
2024-06-01 11:46:51.647,464.682412,443.69324
2024-06-01 11:46:52.159,464.682412,460.75012
2024-06-01 11:46:52.671,464.682412,469.96075
2024-06-01 11:46:53.183,464.682412,465.00262
2024-06-01 11:46:53.695,422.694153,461.2033
2024-06-01 11:46:54.207,422.694153,432.34467
2024-06-01 11:46:54.719,422.694153,419.165
2024-06-01 11:46:55.231,422.694153,424.66333
2024-06-01 11:46:55.743,433.191218,429.80518
2024-06-01 11:46:56.255,433.191218,434.90186
2024-06-01 11:46:56.767,433.191218,436.22525
2024-06-01 11:46:57.279,433.191218,435.27524
2024-06-01 11:46:57.791,433.191218,434.1375
2024-06-01 11:46:58.303,433.191218,434.75458
2024-06-01 11:46:58.815,433.191218,435.1604
2024-06-01 11:46:59.327,433.191218,435.07245
2024-06-01 11:46:59.839,464.682412,435.06644
2024-06-01 11:47:00.351,464.682412,458.92258
2024-06-01 11:47:00.863,464.682412,471.58603
2024-06-01 11:47:01.375,464.682412,464.6374
2024-06-01 11:47:01.887,454.185347,459.2111
2024-06-01 11:47:02.399,454.185347,455.15128
2024-06-01 11:47:02.911,454.185347,454.13037
2024-06-01 11:47:03.423,454.185347,455.47592
2024-06-01 11:47:03.935,433.191218,456.68182
2024-06-01 11:47:04.447,433.191218,439.71246
2024-06-01 11:47:04.959,433.191218,431.24414
2024-06-01 11:47:05.471,433.191218,435.0017
2024-06-01 11:47:05.983,422.694153,438.19
2024-06-01 11:47:06.495,422.694153,428.79498
2024-06-01 11:47:07.007,422.694153,423.32965
2024-06-01 11:47:07.519,422.694153,425.15512
2024-06-01 11:47:08.031,443.688282,426.65842
2024-06-01 11:47:08.543,443.688282,441.35535
2024-06-01 11:47:09.055,443.688282,448.63406
2024-06-01 11:47:09.567,443.688282,444.91888
2024-06-01 11:47:10.079,454.185347,441.7744
2024-06-01 11:47:10.591,454.185347,451.86444
2024-06-01 11:47:11.103,454.185347,457.76178
2024-06-01 11:47:11.615,454.185347,455.28925
2024-06-01 11:47:12.127,454.185347,453.42706
2024-06-01 11:47:12.639,454.185347,454.7061
2024-06-01 11:47:13.151,454.185347,455.7204
2024-06-01 11:47:13.663,454.185347,455.42078
2024-06-01 11:47:14.175,433.191218,455.24188
2024-06-01 11:47:14.687,433.191218,439.43457
2024-06-01 11:47:15.199,433.191218,431.74918
2024-06-01 11:47:15.711,433.191218,435.20465
2024-06-01 11:47:16.223,433.191218,438.1962
2024-06-01 11:47:16.735,433.191218,436.52625
2024-06-01 11:47:17.247,433.191218,434.9925
2024-06-01 11:47:17.759,433.191218,435.38623
2024-06-01 11:47:18.271,443.688282,435.5648
2024-06-01 11:47:18.783,443.688282,443.3067
2024-06-01 11:47:19.295,443.688282,447.21448
2024-06-01 11:47:19.807,443.688282,445.28394
2024-06-01 11:47:20.319,454.185347,443.69324
2024-06-01 11:47:20.831,454.185347,452.74466
2024-06-01 11:47:21.343,454.185347,457.75342
2024-06-01 11:47:21.855,454.185347,455.38232
2024-06-01 11:47:22.367,454.185347,453.5503
2024-06-01 11:47:22.879,454.185347,454.7599
2024-06-01 11:47:23.391,454.185347,455.7204
2024-06-01 11:47:23.903,454.185347,455.42078
2024-06-01 11:47:24.415,433.191218,455.24188
2024-06-01 11:47:24.927,433.191218,439.43457
2024-06-01 11:47:25.439,433.191218,431.74918
2024-06-01 11:47:25.951,433.191218,435.20465
2024-06-01 11:47:26.463,443.688282,438.19623
2024-06-01 11:47:26.975,443.688282,444.40143
2024-06-01 11:47:27.487,443.688282,446.8871
2024-06-01 11:47:27.999,443.688282,445.40567
2024-06-01 11:47:28.511,443.688282,444.0202
2024-06-01 11:47:29.023,443.688282,444.96143
2024-06-01 11:47:29.535,443.688282,445.68835
2024-06-01 11:47:30.047,443.688282,445.50452
2024-06-01 11:47:30.559,433.191218,445.41956
2024-06-01 11:47:31.071,433.191218,437.58966
2024-06-01 11:47:31.583,433.191218,433.6974
2024-06-01 11:47:32.095,433.191218,435.419
2024-06-01 11:47:32.607,454.185347,436.90173
2024-06-01 11:47:33.119,454.185347,451.82272
2024-06-01 11:47:33.631,454.185347,459.23587
2024-06-01 11:47:34.143,454.185347,455.17853
2024-06-01 11:47:34.655,433.191218,451.8515
2024-06-01 11:47:35.167,433.191218,438.3598
2024-06-01 11:47:35.679,433.191218,432.2887
2024-06-01 11:47:36.191,433.191218,435.37006
2024-06-01 11:47:36.703,454.185347,438.1443
2024-06-01 11:47:37.215,454.185347,452.28607
2024-06-01 11:47:37.727,454.185347,458.9671
2024-06-01 11:47:38.239,454.185347,455.18436
2024-06-01 11:47:38.751,422.694153,451.99994
2024-06-01 11:47:39.263,422.694153,430.71158
2024-06-01 11:47:39.775,422.694153,420.79694
2024-06-01 11:47:40.287,422.694153,424.9678
2024-06-01 11:47:40.799,422.694153,428.86755
2024-06-01 11:47:41.311,422.694153,426.71646
2024-06-01 11:47:41.823,422.694153,424.68982
2024-06-01 11:47:42.335,422.694153,425.11584
2024-06-01 11:47:42.847,454.185347,425.26184
2024-06-01 11:47:43.359,454.185347,448.47546
2024-06-01 11:47:43.871,454.185347,460.67236
2024-06-01 11:47:44.383,454.185347,454.36203
2024-06-01 11:47:44.895,443.688282,449.3326
2024-06-01 11:47:45.407,443.688282,445.14825
2024-06-01 11:47:45.919,443.688282,444.08755
2024-06-01 11:47:46.431,443.688282,445.5432
2024-06-01 11:47:46.943,433.191218,446.8836
2024-06-01 11:47:47.455,433.191218,438.05768
2024-06-01 11:47:47.967,433.191218,433.4187
2024-06-01 11:47:48.479,433.191218,435.37354
2024-06-01 11:47:48.991,422.694153,436.98383
2024-06-01 11:47:49.503,422.694153,428.2832
2024-06-01 11:47:50.015,422.694153,423.48376
2024-06-01 11:47:50.527,422.694153,425.12366
2024-06-01 11:47:51.039,433.191218,426.53094
2024-06-01 11:47:51.551,433.191218,433.4217
2024-06-01 11:47:52.063,433.191218,436.6186
2024-06-01 11:47:52.575,433.191218,434.9942
2024-06-01 11:47:53.087,443.688282,433.52475
2024-06-01 11:47:53.599,443.688282,442.2765
2024-06-01 11:47:54.111,443.688282,447.1392
2024-06-01 11:47:54.623,443.688282,445.09766
2024-06-01 11:47:55.135,433.191218,443.4937
2024-06-01 11:47:55.647,433.191218,436.81186
2024-06-01 11:47:56.159,433.191218,433.81696
2024-06-01 11:47:56.671,433.191218,435.3849
2024-06-01 11:47:57.183,433.191218,436.79877
2024-06-01 11:47:57.695,433.191218,435.93338
2024-06-01 11:47:58.207,433.191218,435.1933
2024-06-01 11:47:58.719,433.191218,435.35767
2024-06-01 11:47:59.231,433.191218,435.41953
2024-06-01 11:47:59.743,433.191218,435.3443
2024-06-01 11:48:00.255,433.191218,435.2531
2024-06-01 11:48:00.767,433.191218,435.2531
2024-06-01 11:48:01.279,433.191218,435.2531
2024-06-01 11:48:01.791,433.191218,435.2531
2024-06-01 11:48:02.303,433.191218,435.2531
2024-06-01 11:48:02.815,433.191218,435.2531
2024-06-01 11:48:03.327,454.185347,435.2531
2024-06-01 11:48:03.839,454.185347,451.0613
2024-06-01 11:48:04.351,454.185347,459.34375
2024-06-01 11:48:04.863,454.185347,455.0837
2024-06-01 11:48:05.375,433.191218,451.67633
2024-06-01 11:48:05.887,433.191218,438.274
2024-06-01 11:48:06.399,433.191218,432.2887
2024-06-01 11:48:06.911,433.191218,435.37006
2024-06-01 11:48:07.423,422.694153,438.1443
2024-06-01 11:48:07.935,422.694153,428.68585
2024-06-01 11:48:08.447,422.694153,423.32965
2024-06-01 11:48:08.959,422.694153,425.15512
2024-06-01 11:48:09.471,422.694153,426.65842
2024-06-01 11:48:09.983,422.694153,425.726
2024-06-01 11:48:10.495,422.694153,424.7989
2024-06-01 11:48:11.007,422.694153,424.88748
2024-06-01 11:48:11.519,422.694153,424.88818
2024-06-01 11:48:12.031,422.694153,424.7846
2024-06-01 11:48:12.543,422.694153,424.67404
2024-06-01 11:48:13.055,422.694153,424.67404
2024-06-01 11:48:13.567,433.191218,424.67404
2024-06-01 11:48:14.079,433.191218,432.44125
2024-06-01 11:48:14.591,433.191218,436.5001
2024-06-01 11:48:15.103,433.191218,434.75427
2024-06-01 11:48:15.615,422.694153,433.27692
2024-06-01 11:48:16.127,422.694153,426.50876
2024-06-01 11:48:16.639,422.694153,423.39374
2024-06-01 11:48:17.151,422.694153,424.85706
2024-06-01 11:48:17.663,433.191218,426.22485
2024-06-01 11:48:18.175,433.191218,433.24866
2024-06-01 11:48:18.687,433.191218,436.6186
2024-06-01 11:48:19.199,433.191218,434.9942
2024-06-01 11:48:19.711,422.694153,433.52475
2024-06-01 11:48:20.223,422.694153,426.63074
2024-06-01 11:48:20.734,422.694153,423.39374
2024-06-01 11:48:21.246,422.694153,424.3193
2024-06-01 11:48:21.758,443.688282,425.89142
2024-06-01 11:48:22.270,443.688282,440.8448
2024-06-01 11:48:22.782,443.688282,448.06342
2024-06-01 11:48:23.294,443.688282,444.08173
2024-06-01 11:48:23.806,464.682412,441.004
2024-06-01 11:48:24.318,464.682412,459.232
2024-06-01 11:48:24.830,464.682412,469.31464
2024-06-01 11:48:25.342,464.682412,464.08588
2024-06-01 11:48:25.854,443.688282,460.21893
2024-06-01 11:48:26.366,443.688282,446.90814
2024-06-01 11:48:26.878,443.688282,441.10455
2024-06-01 11:48:27.390,443.688282,444.5042
2024-06-01 11:48:27.902,464.682412,447.40164
2024-06-01 11:48:28.414,464.682412,461.44443
2024-06-01 11:48:28.926,464.682412,467.8659
2024-06-01 11:48:29.438,464.682412,463.73346
2024-06-01 11:48:29.950,464.682412,460.44662
2024-06-01 11:48:30.462,464.682412,463.04327
2024-06-01 11:48:30.974,464.682412,464.8862
2024-06-01 11:48:31.486,464.682412,464.08856
2024-06-01 11:48:31.998,454.185347,463.59357
2024-06-01 11:48:32.510,454.185347,455.44275
2024-06-01 11:48:33.022,454.185347,451.54977
2024-06-01 11:48:33.534,454.185347,453.80853
2024-06-01 11:48:34.046,464.682412,455.59106
2024-06-01 11:48:34.558,464.682412,462.56763
2024-06-01 11:48:35.070,464.682412,465.68616
2024-06-01 11:48:35.582,464.682412,463.644
2024-06-01 11:48:36.094,454.185347,462.0232
2024-06-01 11:48:36.606,454.185347,455.2704
2024-06-01 11:48:37.118,454.185347,452.28778
2024-06-01 11:48:37.630,454.185347,454.14664
2024-06-01 11:48:38.142,454.185347,455.6736
2024-06-01 11:48:38.654,453.399045,454.53568
2024-06-01 11:48:39.166,453.399045,453.68588
2024-06-01 11:48:39.678,453.399045,454.0924
2024-06-01 11:48:40.190,463.877937,459.23596
2024-06-01 11:48:40.702,463.877937,467.00418
2024-06-01 11:48:41.214,463.877937,462.75986
2024-06-01 11:48:41.726,463.877937,460.09494
2024-06-01 11:48:42.238,474.356828,462.6858
2024-06-01 11:48:42.750,475.179477,472.85602
2024-06-01 11:48:43.262,475.179477,475.92172
2024-06-01 11:48:43.774,475.179477,472.413
2024-06-01 11:48:44.286,475.179477,470.73175
2024-06-01 11:48:44.798,474.356828,472.2781
2024-06-01 11:48:45.310,474.356828,473.255
2024-06-01 11:48:45.822,474.356828,472.7281
2024-06-01 11:48:46.334,453.399045,472.3988
2024-06-01 11:48:46.846,453.399045,456.17383
2024-06-01 11:48:47.358,453.399045,448.54413
2024-06-01 11:48:47.870,453.399045,452.99258
2024-06-01 11:48:48.382,463.877937,456.53998
2024-06-01 11:48:48.894,463.877937,462.5451
2024-06-01 11:48:49.406,463.877937,464.83737
2024-06-01 11:48:49.918,463.877937,463.2887
2024-06-01 11:48:50.430,474.356828,461.98413
2024-06-01 11:48:50.942,474.356828,471.4419
2024-06-01 11:48:51.454,474.356828,476.37466
2024-06-01 11:48:51.966,474.356828,473.22183
2024-06-01 11:48:52.478,453.399045,470.95148
2024-06-01 11:48:52.990,453.399045,456.13165
2024-06-01 11:48:53.502,453.399045,449.4054
2024-06-01 11:48:54.014,453.399045,453.42963
2024-06-01 11:48:54.526,432.441261,456.6798
2024-06-01 11:48:55.038,432.441261,438.7931
2024-06-01 11:48:55.550,432.441261,429.71054
2024-06-01 11:48:56.062,432.441261,433.97086
2024-06-01 11:48:56.574,432.441261,437.4627
2024-06-01 11:48:57.086,432.441261,435.84915
2024-06-01 11:48:57.598,432.441261,434.28036
2024-06-01 11:48:58.110,432.441261,434.72705
2024-06-01 11:48:58.622,432.441261,447.1337
2024-06-01 11:48:59.134,431.691305,446.41003
2024-06-01 11:48:59.646,431.691305,456.47858
2024-06-01 11:49:00.158,431.691305,452.37274
2024-06-01 11:49:00.670,421.230586,457.97314
2024-06-01 11:49:01.182,420.498802,444.50555
2024-06-01 11:49:01.694,420.498802,445.10583
2024-06-01 11:49:02.206,420.498802,442.97586
2024-06-01 11:49:02.718,410.056256,455.75977
2024-06-01 11:49:03.230,409.342645,440.0788
2024-06-01 11:49:03.742,409.342645,428.80164
2024-06-01 11:49:04.254,409.342645,426.12582
2024-06-01 11:49:04.766,419.767019,425.7788
2024-06-01 11:49:05.278,419.767019,431.8449
2024-06-01 11:49:05.790,419.767019,432.72363
2024-06-01 11:49:06.302,419.767019,429.2276
2024-06-01 11:49:06.814,409.342645,423.44617
2024-06-01 11:49:07.326,409.342645,416.8764
2024-06-01 11:49:07.838,409.342645,413.7719
2024-06-01 11:49:08.350,409.342645,416.5985
2024-06-01 11:49:08.862,409.342645,416.72498
2024-06-01 11:49:09.374,409.342645,416.54654
2024-06-01 11:49:09.886,409.342645,419.37387
2024-06-01 11:49:10.398,409.342645,419.38422
2024-06-01 11:49:10.910,409.342645,415.45355
2024-06-01 11:49:11.422,409.342645,416.0913
2024-06-01 11:49:11.934,409.342645,418.98688
2024-06-01 11:49:12.446,409.342645,419.7981
2024-06-01 11:49:12.958,419.767019,418.79916
2024-06-01 11:49:13.470,419.767019,426.214
2024-06-01 11:49:13.982,419.767019,430.11346
2024-06-01 11:49:14.494,419.767019,427.8161
2024-06-01 11:49:15.006,419.767019,418.60797
2024-06-01 11:49:15.518,419.767019,421.99188
2024-06-01 11:49:16.030,419.767019,433.79028
2024-06-01 11:49:16.542,419.767019,433.07263
2024-06-01 11:49:17.054,419.767019,423.66333
2024-06-01 11:49:17.566,419.767019,423.01056
2024-06-01 11:49:18.078,419.767019,427.81357
2024-06-01 11:49:18.590,419.767019,429.4749
2024-06-01 11:49:19.102,419.767019,428.0838
2024-06-01 11:49:19.614,420.498802,427.35864
2024-06-01 11:49:20.126,420.498802,427.6202
2024-06-01 11:49:20.638,420.498802,427.86902
2024-06-01 11:49:21.150,420.498802,427.97815
2024-06-01 11:49:21.662,420.498802,428.00317
2024-06-01 11:49:22.174,420.498802,425.59027
2024-06-01 11:49:22.686,420.498802,426.31628
2024-06-01 11:49:23.198,430.941348,425.80768
2024-06-01 11:49:23.710,430.191392,434.89944
2024-06-01 11:49:24.222,430.191392,444.86584
2024-06-01 11:49:24.734,430.191392,440.81424
2024-06-01 11:49:25.246,430.191392,429.01816
2024-06-01 11:49:25.758,430.191392,431.2224
2024-06-01 11:49:26.270,430.191392,439.0235
2024-06-01 11:49:26.782,430.191392,440.14026
2024-06-01 11:49:27.294,430.191392,439.04523
2024-06-01 11:49:27.806,430.941348,436.9628
2024-06-01 11:49:28.318,430.941348,433.3985
2024-06-01 11:49:28.830,430.941348,434.4084
2024-06-01 11:49:29.342,430.941348,437.49634
2024-06-01 11:49:29.854,430.191392,438.15146
2024-06-01 11:49:30.366,430.191392,441.6961
2024-06-01 11:49:30.878,430.191392,439.65598
2024-06-01 11:49:31.390,451.040138,433.57568
2024-06-01 11:49:31.902,451.040138,450.28302
2024-06-01 11:49:32.414,451.040138,454.4221
2024-06-01 11:49:32.926,451.040138,451.4577
2024-06-01 11:49:33.438,430.191392,453.09924
2024-06-01 11:49:33.950,430.191392,439.325
2024-06-01 11:49:34.462,430.191392,433.06705
2024-06-01 11:49:34.974,430.191392,435.67712
2024-06-01 11:49:35.486,419.767019,439.43314
2024-06-01 11:49:35.998,419.767019,429.49396
2024-06-01 11:49:36.510,419.767019,423.5187
2024-06-01 11:49:37.022,419.767019,426.83716
2024-06-01 11:49:37.534,430.191392,427.6922
2024-06-01 11:49:38.046,430.191392,435.5351
2024-06-01 11:49:38.558,430.191392,442.16934
2024-06-01 11:49:39.070,430.191392,439.5923
2024-06-01 11:49:39.582,419.767019,432.52386
2024-06-01 11:49:40.094,419.767019,426.24896
2024-06-01 11:49:40.606,419.767019,424.99933
2024-06-01 11:49:41.118,419.767019,428.5586
2024-06-01 11:49:41.630,430.191392,435.66516
2024-06-01 11:49:42.142,430.191392,440.88812
2024-06-01 11:49:42.654,430.191392,436.2858
2024-06-01 11:49:43.166,430.191392,434.09406
2024-06-01 11:49:43.678,419.767019,436.82343
2024-06-01 11:49:44.190,419.767019,431.50836
2024-06-01 11:49:44.702,419.767019,432.37292
2024-06-01 11:49:45.214,419.767019,432.13855
2024-06-01 11:49:45.726,409.342645,425.30188
2024-06-01 11:49:46.238,409.342645,417.13434
2024-06-01 11:49:46.750,409.342645,415.15732
2024-06-01 11:49:47.262,409.342645,419.5734
2024-06-01 11:49:47.774,409.342645,421.8269
2024-06-01 11:49:48.286,409.342645,420.55063
2024-06-01 11:49:48.798,409.342645,419.1727
2024-06-01 11:49:49.310,409.342645,419.84937
2024-06-01 11:49:49.822,409.342645,423.4298
2024-06-01 11:49:50.334,409.342645,423.30066
2024-06-01 11:49:50.846,409.342645,423.86105
2024-06-01 11:49:51.358,409.342645,422.8105
2024-06-01 11:49:51.870,419.767019,416.95508
2024-06-01 11:49:52.382,419.767019,425.9567
2024-06-01 11:49:52.893,419.767019,438.83127
2024-06-01 11:49:53.405,419.767019,435.69745
2024-06-01 11:49:53.917,398.918272,422.23438
2024-06-01 11:49:54.429,398.918272,408.09958
2024-06-01 11:49:54.941,398.918272,412.7685
2024-06-01 11:49:55.453,398.918272,416.98917
2024-06-01 11:49:55.965,409.342645,410.45856
2024-06-01 11:49:56.477,409.342645,415.95547
2024-06-01 11:49:56.989,409.342645,422.6405
2024-06-01 11:49:57.501,409.342645,422.64084
2024-06-01 11:49:58.013,409.342645,419.44653
2024-06-01 11:49:58.525,409.342645,419.90378
2024-06-01 11:49:59.037,409.342645,424.18674
2024-06-01 11:49:59.549,409.342645,423.6734
2024-06-01 11:50:00.061,430.191392,419.0929
2024-06-01 11:50:00.573,430.191392,435.28876
2024-06-01 11:50:01.085,430.191392,451.15814
2024-06-01 11:50:01.597,430.191392,444.76367
2024-06-01 11:50:02.109,430.191392,429.1366
2024-06-01 11:50:02.621,430.191392,432.1194
2024-06-01 11:50:03.133,430.191392,444.00787
2024-06-01 11:50:03.645,430.191392,443.97647
2024-06-01 11:50:04.157,419.767019,437.5318
2024-06-01 11:50:04.669,419.767019,427.66833
2024-06-01 11:50:05.181,419.767019,425.83334
2024-06-01 11:50:05.693,419.767019,429.11823
2024-06-01 11:50:06.205,419.767019,426.2751
2024-06-01 11:50:06.717,419.767019,426.26343
2024-06-01 11:50:07.229,419.767019,433.33075
2024-06-01 11:50:07.741,419.767019,433.28207
2024-06-01 11:50:08.253,409.342645,428.4749
2024-06-01 11:50:08.765,409.342645,419.68335
2024-06-01 11:50:09.277,409.342645,416.2016
2024-06-01 11:50:09.789,409.342645,420.04065
2024-06-01 11:50:10.301,419.767019,423.25958
2024-06-01 11:50:10.813,419.767019,430.1258
2024-06-01 11:50:11.325,419.767019,434.08136
2024-06-01 11:50:11.837,419.767019,430.9932
2024-06-01 11:50:12.349,419.767019,420.61682
2024-06-01 11:50:12.861,419.767019,423.86456
2024-06-01 11:50:13.373,419.767019,439.17163
2024-06-01 11:50:13.885,419.767019,438.39627
2024-06-01 11:50:14.397,847.166317,509.71408
2024-06-01 11:50:14.909,833.874464,723.2246
2024-06-01 11:50:15.421,833.874464,815.934
2024-06-01 11:50:15.933,833.874464,833.6726
2024-06-01 11:50:16.445,1511.088386,835.78876
2024-06-01 11:50:16.957,1511.088386,844.08966
2024-06-01 11:50:17.469,1511.088386,846.1544
2024-06-01 11:50:17.981,1511.088386,846.78406
2024-06-01 11:50:18.493,1439.262667,847.1394
2024-06-01 11:50:19.005,1439.262667,847.1566
2024-06-01 11:50:19.517,1439.262667,847.1499
2024-06-01 11:50:20.029,1439.262667,847.1641
2024-06-01 11:50:20.541,1429.00185,847.2533
2024-06-01 11:50:21.053,1429.00185,847.2548
2024-06-01 11:50:21.565,1429.00185,847.3008
2024-06-01 11:50:22.077,1429.00185,847.31793
2024-06-01 11:50:22.589,1572.653288,847.1222
2024-06-01 11:50:23.101,1572.653288,847.3139
2024-06-01 11:50:23.613,1572.653288,847.36896
2024-06-01 11:50:24.125,1572.653288,847.4016
2024-06-01 11:50:24.637,1439.262667,847.46423
2024-06-01 11:50:25.149,1439.262667,847.2947
2024-06-01 11:50:25.661,1439.262667,847.207
2024-06-01 11:50:26.173,1439.262667,847.15375
2024-06-01 11:50:26.685,1541.870837,846.9053
2024-06-01 11:50:27.197,1541.870837,847.0193
2024-06-01 11:50:27.709,1541.870837,847.28186
2024-06-01 11:50:28.221,1541.870837,847.3767
2024-06-01 11:50:28.733,1459.784301,847.0627
2024-06-01 11:50:29.245,1457.198882,846.80347
2024-06-01 11:50:29.757,1457.198882,846.82043
2024-06-01 11:50:30.269,1457.198882,846.8028
2024-06-01 11:50:30.781,1477.68417,847.2037
2024-06-01 11:50:31.293,1477.68417,847.3678
2024-06-01 11:50:31.805,1477.68417,847.43787
2024-06-01 11:50:32.317,1477.68417,847.3322
2024-06-01 11:50:32.829,1416.228305,846.8339
2024-06-01 11:50:33.341,1416.228305,846.5152
2024-06-01 11:50:33.853,1416.228305,846.78467
2024-06-01 11:50:34.365,1416.228305,846.84564
2024-06-01 11:50:34.877,1426.470949,846.5544
2024-06-01 11:50:35.389,1426.470949,846.48047
2024-06-01 11:50:35.901,1426.470949,846.73303
2024-06-01 11:50:36.413,1426.470949,846.8152
2024-06-01 11:50:36.925,1508.412102,846.9314
2024-06-01 11:50:37.437,1508.412102,847.1377
2024-06-01 11:50:37.949,1508.412102,847.033
2024-06-01 11:50:38.461,1508.412102,847.01654
2024-06-01 11:50:38.973,1416.228305,847.20575
2024-06-01 11:50:39.485,1416.228305,847.1076
2024-06-01 11:50:39.997,1416.228305,847.081
2024-06-01 11:50:40.509,1416.228305,847.057
2024-06-01 11:50:41.021,1436.713593,846.4203
2024-06-01 11:50:41.533,1436.713593,846.2446
2024-06-01 11:50:42.045,1436.713593,846.9735
2024-06-01 11:50:42.557,1436.713593,847.19653
2024-06-01 11:50:43.069,1498.169458,846.8829
2024-06-01 11:50:43.581,1498.169458,846.9199
2024-06-01 11:50:44.093,1498.169458,846.89197
2024-06-01 11:50:44.605,1498.169458,846.89166
2024-06-01 11:50:45.117,1528.89739,846.6831
2024-06-01 11:50:45.629,1528.89739,846.67725
2024-06-01 11:50:46.141,1528.89739,847.07355
2024-06-01 11:50:46.653,1528.89739,847.19855
2024-06-01 11:50:47.165,1477.68417,847.0398
2024-06-01 11:50:47.677,1477.68417,846.9043
2024-06-01 11:50:48.189,1477.68417,846.7895
2024-06-01 11:50:48.701,1477.68417,846.73816
2024-06-01 11:50:49.213,1395.743017,846.8419
2024-06-01 11:50:49.725,1395.743017,846.6824
2024-06-01 11:50:50.237,1395.743017,846.7411
2024-06-01 11:50:50.749,1395.743017,846.744
2024-06-01 11:50:51.261,1477.68417,846.2938
2024-06-01 11:50:51.773,1477.68417,846.3729
2024-06-01 11:50:52.285,1477.68417,846.7649
2024-06-01 11:50:52.797,1477.68417,846.89606
2024-06-01 11:50:53.309,1477.68417,846.9558
2024-06-01 11:50:53.821,1475.062404,846.9862
2024-06-01 11:50:54.333,1475.062404,847.0785
2024-06-01 11:50:54.845,1475.062404,847.1138
2024-06-01 11:50:55.357,1546.633703,847.08014
2024-06-01 11:50:55.869,1546.633703,847.1909
2024-06-01 11:50:56.381,1546.633703,846.88025
2024-06-01 11:50:56.893,1546.633703,846.7893
2024-06-01 11:50:57.405,1362.593221,846.9738
2024-06-01 11:50:57.917,1365.015085,846.6476
2024-06-01 11:50:58.429,1365.015085,846.5814
2024-06-01 11:50:58.941,1365.015085,846.5126
2024-06-01 11:50:59.453,1375.257729,846.18335
2024-06-01 11:50:59.965,1372.817692,846.0906
2024-06-01 11:51:00.477,1372.817692,846.42303
2024-06-01 11:51:00.989,1372.817692,846.5289
2024-06-01 11:51:01.501,1597.756059,846.3945
2024-06-01 11:51:02.013,1597.756059,846.895
2024-06-01 11:51:02.525,1597.756059,846.8612
2024-06-01 11:51:03.037,1597.756059,846.88354
2024-06-01 11:51:03.549,1536.409232,846.8768
2024-06-01 11:51:04.061,1536.409232,846.7771
2024-06-01 11:51:04.573,1536.409232,847.123
2024-06-01 11:51:05.085,1536.409232,847.1399
2024-06-01 11:51:05.597,1393.266635,846.94525
2024-06-01 11:51:06.109,1393.266635,846.5922
2024-06-01 11:51:06.621,1393.266635,846.08997
2024-06-01 11:51:07.133,1393.266635,845.8586
2024-06-01 11:51:07.645,1505.735818,845.8021
2024-06-01 11:51:08.157,1505.735818,846.1126
2024-06-01 11:51:08.669,1505.735818,846.6967
2024-06-01 11:51:09.181,1505.735818,846.89325
2024-06-01 11:51:09.693,1454.613462,846.5986
2024-06-01 11:51:10.205,1454.613462,846.4009
2024-06-01 11:51:10.717,1454.613462,846.1353
2024-06-01 11:51:11.229,1454.613462,846.0266
2024-06-01 11:51:11.741,1454.613462,846.4409
2024-06-01 11:51:12.253,1454.613462,846.5597
2024-06-01 11:51:12.765,1454.613462,846.2363
2024-06-01 11:51:13.277,1454.613462,846.13745
2024-06-01 11:51:13.789,1454.613462,846.3332
2024-06-01 11:51:14.301,1454.613462,846.3915
2024-06-01 11:51:14.813,1454.613462,846.32947
2024-06-01 11:51:15.325,1454.613462,846.3118
2024-06-01 11:51:15.837,1577.307116,846.53235
2024-06-01 11:51:16.349,1577.307116,846.85516
2024-06-01 11:51:16.861,1577.307116,847.0969
2024-06-01 11:51:17.373,1577.307116,847.1924
2024-06-01 11:51:17.885,1464.837933,846.9927
2024-06-01 11:51:18.397,1464.837933,846.7451
2024-06-01 11:51:18.909,1464.837933,846.8799
2024-06-01 11:51:19.421,1464.837933,846.89667
2024-06-01 11:51:19.933,1587.531588,846.71155
2024-06-01 11:51:20.445,1587.531588,846.8817
2024-06-01 11:51:20.957,1587.531588,846.8559
2024-06-01 11:51:21.469,1587.531588,846.8645
2024-06-01 11:51:21.981,1546.633703,847.0349
2024-06-01 11:51:22.493,1543.884727,847.0327
2024-06-01 11:51:23.005,1543.884727,846.9625
2024-06-01 11:51:23.517,1543.884727,846.9385
2024-06-01 11:51:24.029,1584.70992,846.8288
2024-06-01 11:51:24.541,1584.70992,846.857
2024-06-01 11:51:25.053,1584.70992,846.7716
2024-06-01 11:51:25.564,1584.70992,846.74713
2024-06-01 11:51:26.076,1543.884727,847.2377
2024-06-01 11:51:26.588,1543.884727,847.3356
2024-06-01 11:51:27.100,1543.884727,846.87665
2024-06-01 11:51:27.612,1543.884727,846.7307
2024-06-01 11:51:28.124,1441.821744,847.00226
2024-06-01 11:51:28.636,1441.821744,846.90063
2024-06-01 11:51:29.148,1441.821744,846.45874
2024-06-01 11:51:29.660,1441.821744,846.2799
2024-06-01 11:51:30.172,1370.377656,846.77673
2024-06-01 11:51:30.684,1370.377656,846.7576
2024-06-01 11:51:31.196,1370.377656,846.5688
2024-06-01 11:51:31.708,1370.377656,846.49347
2024-06-01 11:51:32.220,1400.996551,846.1812
2024-06-01 11:51:32.732,1400.996551,846.1671
2024-06-01 11:51:33.244,1400.996551,846.28204
2024-06-01 11:51:33.756,1400.996551,846.31824
2024-06-01 11:51:34.268,1400.996551,846.4824
2024-06-01 11:51:34.780,1400.996551,846.5407
2024-06-01 11:51:35.292,1400.996551,846.45245
2024-06-01 11:51:35.804,1400.996551,846.4277
2024-06-01 11:51:36.316,1605.122517,846.70184
2024-06-01 11:51:36.828,1605.122517,847.17993
2024-06-01 11:51:37.340,1605.122517,846.90625
2024-06-01 11:51:37.852,1605.122517,846.8574
2024-06-01 11:51:38.364,1441.821744,847.20197
2024-06-01 11:51:38.876,1441.821744,847.078
2024-06-01 11:51:39.388,1441.821744,846.476
2024-06-01 11:51:39.900,1441.821744,846.2271
2024-06-01 11:51:40.412,1523.472131,846.7163
2024-06-01 11:51:40.924,1523.472131,847.00977
2024-06-01 11:51:41.436,1523.472131,846.7599
2024-06-01 11:51:41.948,1523.472131,846.7035
2024-06-01 11:51:42.460,1400.996551,847.07654
2024-06-01 11:51:42.972,1400.996551,846.9769
2024-06-01 11:51:43.484,1400.996551,846.44824
2024-06-01 11:51:43.996,1400.996551,846.23236
2024-06-01 11:51:44.508,1492.853236,846.39294
2024-06-01 11:51:45.020,1492.853236,846.6584
2024-06-01 11:51:45.532,1492.853236,846.497
2024-06-01 11:51:46.044,1492.853236,846.46545
2024-06-01 11:51:46.556,1564.297324,846.486
2024-06-01 11:51:47.068,1564.297324,846.6452
2024-06-01 11:51:47.580,1564.297324,846.9769
2024-06-01 11:51:48.092,1564.297324,847.0885
2024-06-01 11:51:48.604,1584.70992,847.3134
2024-06-01 11:51:49.116,1581.888253,847.416
2024-06-01 11:51:49.628,1581.888253,847.0772
2024-06-01 11:51:50.140,1581.888253,846.98004
2024-06-01 11:51:50.652,1469.818874,847.26715
2024-06-01 11:51:51.164,1469.818874,847.2009
2024-06-01 11:51:51.676,1469.818874,847.0412
2024-06-01 11:51:52.188,1469.818874,846.9695
2024-06-01 11:51:52.700,1530.947626,846.8551
2024-06-01 11:51:53.212,1533.678429,846.9237
2024-06-01 11:51:53.724,1533.678429,846.9996
2024-06-01 11:51:54.236,1533.678429,847.0304
2024-06-01 11:51:54.748,1503.059534,846.8805
2024-06-01 11:51:55.260,1500.38325,846.77997
2024-06-01 11:51:55.772,1500.38325,846.75964
2024-06-01 11:51:56.284,1500.38325,846.74274
2024-06-01 11:51:56.796,1398.501996,846.54663
2024-06-01 11:51:57.308,1400.996551,846.2147
2024-06-01 11:51:57.820,1400.996551,845.9464
2024-06-01 11:51:58.332,1400.996551,845.81616
2024-06-01 11:51:58.844,1452.028042,846.19354
2024-06-01 11:51:59.356,1449.442623,846.446
2024-06-01 11:51:59.868,1449.442623,846.46655
2024-06-01 11:52:00.380,1449.442623,846.49286
2024-06-01 11:52:00.892,1367.93762,846.80817
2024-06-01 11:52:01.404,1367.93762,846.7262
2024-06-01 11:52:01.916,1367.93762,846.5698
2024-06-01 11:52:02.428,1367.93762,846.50134
2024-06-01 11:52:02.940,1530.947626,846.2823
2024-06-01 11:52:03.452,1530.947626,846.63477
2024-06-01 11:52:03.964,1530.947626,846.8699
2024-06-01 11:52:04.476,1530.947626,846.9658
2024-06-01 11:52:04.988,1327.185118,846.8698
2024-06-01 11:52:05.500,1327.185118,846.3688
2024-06-01 11:52:06.012,1327.185118,845.6793
2024-06-01 11:52:06.524,1327.185118,845.3556
2024-06-01 11:52:07.036,1561.512002,845.51105
2024-06-01 11:52:07.548,1561.512002,846.2897
2024-06-01 11:52:08.060,1561.512002,846.739
2024-06-01 11:52:08.572,1561.512002,846.911
2024-06-01 11:52:09.084,1388.31387,846.7776
2024-06-01 11:52:09.596,1388.31387,846.3739
2024-06-01 11:52:10.108,1388.31387,845.944
2024-06-01 11:52:10.620,1388.31387,845.6404
2024-06-01 11:52:11.132,1388.31387,845.52435
2024-06-01 11:52:11.644,1388.31387,845.45154
2024-06-01 11:52:12.156,1388.31387,845.9427
2024-06-01 11:52:12.668,1388.31387,846.09485
2024-06-01 11:52:13.180,1429.066372,846.2852
2024-06-01 11:52:13.692,1429.066372,846.47577
2024-06-01 11:52:14.204,1429.066372,846.3936
2024-06-01 11:52:14.716,1429.066372,846.38354
2024-06-01 11:52:15.228,1510.571375,846.35455
2024-06-01 11:52:15.740,1510.571375,846.547
2024-06-01 11:52:16.252,1510.571375,846.6015
2024-06-01 11:52:16.764,1510.571375,846.634
2024-06-01 11:52:17.276,1357.749494,846.2782
2024-06-01 11:52:17.788,1357.749494,845.6941
2024-06-01 11:52:18.300,1357.749494,845.92615
2024-06-01 11:52:18.812,1357.749494,845.9464
2024-06-01 11:52:19.324,1490.195124,845.4984
2024-06-01 11:52:19.836,1490.195124,845.8247
2024-06-01 11:52:20.348,1490.195124,846.43506
2024-06-01 11:52:20.860,1490.195124,846.64044
2024-06-01 11:52:21.372,1429.066372,846.60596
2024-06-01 11:52:21.884,1429.066372,846.4712
2024-06-01 11:52:22.396,1429.066372,846.3555
2024-06-01 11:52:22.908,1429.066372,846.30426
2024-06-01 11:52:23.420,1480.006999,845.8772
2024-06-01 11:52:23.932,1480.006999,845.88336
2024-06-01 11:52:24.444,1480.006999,846.3176
2024-06-01 11:52:24.956,1480.006999,846.4529
2024-06-01 11:52:25.468,1367.93762,846.40546
2024-06-01 11:52:25.980,1365.497583,846.0864
2024-06-01 11:52:26.492,1365.497583,846.41895
2024-06-01 11:52:27.004,1365.497583,846.5038
2024-06-01 11:52:27.516,1334.987726,846.3271
2024-06-01 11:52:28.028,1334.987726,846.1653
2024-06-01 11:52:28.540,1334.987726,846.02344
2024-06-01 11:52:29.052,1334.987726,845.96094
2024-06-01 11:52:29.564,1457.027156,845.4466
2024-06-01 11:52:30.076,1457.027156,845.7411
2024-06-01 11:52:30.588,1457.027156,846.2987
2024-06-01 11:52:31.100,1457.027156,846.4868
2024-06-01 11:52:31.612,1396.007441,846.5998
2024-06-01 11:52:32.124,1396.007441,846.5018
2024-06-01 11:52:32.636,1396.007441,846.54456
2024-06-01 11:52:33.148,1396.007441,846.55194
2024-06-01 11:52:33.660,1345.157678,846.3489
2024-06-01 11:52:34.172,1345.157678,846.11145
2024-06-01 11:52:34.684,1345.157678,845.9934
2024-06-01 11:52:35.196,1345.157678,845.93024
2024-06-01 11:52:35.708,1396.007441,845.7634
2024-06-01 11:52:36.220,1396.007441,845.8888
2024-06-01 11:52:36.732,1396.007441,846.3364
2024-06-01 11:52:37.244,1396.007441,846.4894
2024-06-01 11:52:37.756,1446.857203,846.5597
2024-06-01 11:52:38.268,1446.857203,846.7224
2024-06-01 11:52:38.780,1446.857203,846.7712
2024-06-01 11:52:39.292,1446.857203,846.8024
2024-06-01 11:52:39.804,1477.367061,846.3605
2024-06-01 11:52:40.316,1477.367061,846.2925
2024-06-01 11:52:40.828,1477.367061,846.58673
2024-06-01 11:52:41.340,1477.367061,846.6748
2024-06-01 11:52:41.852,1355.327631,846.7886
2024-06-01 11:52:42.364,1355.327631,846.54553
2024-06-01 11:52:42.876,1355.327631,846.534
2024-06-01 11:52:43.388,1355.327631,846.50354
2024-06-01 11:52:43.900,1304.477868,846.42175
2024-06-01 11:52:44.412,1304.477868,846.21674
2024-06-01 11:52:44.924,1304.477868,846.17834
2024-06-01 11:52:45.436,1304.477868,846.1466
2024-06-01 11:52:45.948,1446.857203,845.4332
2024-06-01 11:52:46.460,1446.857203,845.75934
2024-06-01 11:52:46.972,1446.857203,846.06696
2024-06-01 11:52:47.484,1446.857203,846.18256
2024-06-01 11:52:47.996,1416.347346,846.20874
2024-06-01 11:52:48.508,1416.347346,846.1399
2024-06-01 11:52:49.020,1416.347346,846.2913
2024-06-01 11:52:49.532,1416.347346,846.3378
2024-06-01 11:52:50.044,1507.876918,846.38403
2024-06-01 11:52:50.556,1507.876918,846.62415
2024-06-01 11:52:51.068,1507.876918,846.4368
2024-06-01 11:52:51.580,1507.876918,846.3983
2024-06-01 11:52:52.092,1365.497583,846.69794
2024-06-01 11:52:52.604,1365.497583,846.463
2024-06-01 11:52:53.116,1365.497583,846.5688
2024-06-01 11:52:53.628,1365.497583,846.5763
2024-06-01 11:52:54.140,1416.347346,846.08606
2024-06-01 11:52:54.652,1413.816445,846.0781
2024-06-01 11:52:55.164,1413.816445,846.1331
2024-06-01 11:52:55.676,1413.816445,846.1519
2024-06-01 11:52:56.188,1413.816445,845.97815
2024-06-01 11:52:56.700,1416.347346,845.92163
2024-06-01 11:52:57.212,1416.347346,846.2623
2024-06-01 11:52:57.723,1416.347346,846.36926
2024-06-01 11:52:58.235,1355.327631,845.9321
2024-06-01 11:52:58.747,1355.327631,845.56396
2024-06-01 11:52:59.259,1355.327631,846.0891
2024-06-01 11:52:59.771,1355.327631,846.23474
2024-06-01 11:53:00.283,1436.687251,845.7428
2024-06-01 11:53:00.795,1434.120004,845.87714
2024-06-01 11:53:01.307,1434.120004,846.5959
2024-06-01 11:53:01.819,1434.120004,846.8286
2024-06-01 11:53:02.331,1464.575343,846.276
2024-06-01 11:53:02.843,1464.575343,846.1935
2024-06-01 11:53:03.355,1464.575343,846.7058
2024-06-01 11:53:03.867,1464.575343,846.86316
2024-06-01 11:53:04.379,1444.271784,846.8808
2024-06-01 11:53:04.891,1444.271784,846.85596
2024-06-01 11:53:05.403,1444.271784,846.42
2024-06-01 11:53:05.915,1444.271784,846.268
2024-06-01 11:53:06.427,1423.968224,846.42096
2024-06-01 11:53:06.939,1423.968224,846.4031
2024-06-01 11:53:07.451,1423.968224,846.3043
2024-06-01 11:53:07.963,1423.968224,846.26697
2024-06-01 11:53:08.475,1434.120004,846.61487
2024-06-01 11:53:08.987,1434.120004,846.7501
2024-06-01 11:53:09.499,1434.120004,846.65186
2024-06-01 11:53:10.011,1434.120004,846.6298
2024-06-01 11:53:10.523,1444.271784,846.19867
2024-06-01 11:53:11.035,1444.271784,846.0793
2024-06-01 11:53:11.547,1444.271784,846.3713
2024-06-01 11:53:12.059,1444.271784,846.45416
2024-06-01 11:53:12.571,1464.575343,846.7037
2024-06-01 11:53:13.083,1464.575343,846.83344
2024-06-01 11:53:13.595,1464.575343,846.9662
2024-06-01 11:53:14.107,1464.575343,847.022
2024-06-01 11:53:14.619,388.486706,842.729
2024-06-01 11:53:15.131,394.050208,652.7896
2024-06-01 11:53:15.643,394.050208,540.7446
2024-06-01 11:53:16.155,394.050208,486.27167
2024-06-01 11:53:16.667,383.753045,448.66852
2024-06-01 11:53:17.179,384.43031,409.18152
2024-06-01 11:53:17.691,384.43031,395.7292
2024-06-01 11:53:18.203,384.43031,398.1668
2024-06-01 11:53:18.715,291.592289,380.45056
2024-06-01 11:53:19.227,291.592289,334.7541
2024-06-01 11:53:19.739,291.592289,308.11224
2024-06-01 11:53:20.251,291.592289,309.50848
2024-06-01 11:53:20.763,291.592289,315.40063
2024-06-01 11:53:21.275,291.592289,316.97437
2024-06-01 11:53:21.787,291.592289,316.2814
2024-06-01 11:53:22.299,291.592289,316.81738
2024-06-01 11:53:22.811,291.592289,319.00354
2024-06-01 11:53:23.323,291.592289,318.30212
2024-06-01 11:53:23.835,291.592289,320.057
2024-06-01 11:53:24.347,291.592289,319.14444
2024-06-01 11:53:24.859,301.907624,317.22394
2024-06-01 11:53:25.371,301.907624,323.11725
2024-06-01 11:53:25.883,301.907624,324.71594
2024-06-01 11:53:26.395,301.907624,324.10754
2024-06-01 11:53:26.907,301.907624,322.13467
2024-06-01 11:53:27.419,302.439506,322.9983
2024-06-01 11:53:27.931,302.439506,322.44867
2024-06-01 11:53:28.443,302.439506,323.135
2024-06-01 11:53:28.955,281.772489,322.36496
2024-06-01 11:53:29.467,281.772489,310.4616
2024-06-01 11:53:29.979,281.772489,305.40314
2024-06-01 11:53:30.491,281.772489,306.76495
2024-06-01 11:53:31.003,292.105997,311.4765
2024-06-01 11:53:31.515,292.105997,317.03937
2024-06-01 11:53:32.027,292.105997,317.95673
2024-06-01 11:53:32.539,292.105997,316.4859
2024-06-01 11:53:33.051,281.772489,312.15604
2024-06-01 11:53:33.563,281.772489,306.6061
2024-06-01 11:53:34.075,281.772489,305.39072
2024-06-01 11:53:34.587,281.772489,306.49146
2024-06-01 11:53:35.099,271.43898,310.38904
2024-06-01 11:53:35.611,271.43898,303.6291
2024-06-01 11:53:36.123,271.43898,297.41464
2024-06-01 11:53:36.635,271.43898,297.43375
2024-06-01 11:53:37.147,302.439506,298.64676
2024-06-01 11:53:37.659,302.439506,317.54446
2024-06-01 11:53:38.171,302.439506,330.61835
2024-06-01 11:53:38.683,302.439506,327.3553
2024-06-01 11:53:39.195,271.43898,322.2887
2024-06-01 11:53:39.707,271.43898,303.99084
2024-06-01 11:53:40.219,271.43898,296.5607
2024-06-01 11:53:40.731,271.43898,298.4439
2024-06-01 11:53:41.243,292.105997,297.40305
2024-06-01 11:53:41.755,292.105997,309.9322
2024-06-01 11:53:42.267,292.105997,317.0597
2024-06-01 11:53:42.779,292.105997,315.9179
2024-06-01 11:53:43.291,302.439506,315.73206
2024-06-01 11:53:43.803,302.439506,322.2182
2024-06-01 11:53:44.315,302.439506,325.04218
2024-06-01 11:53:44.827,302.439506,324.20224
2024-06-01 11:53:45.339,281.772489,323.64362
2024-06-01 11:53:45.851,281.772489,311.54398
2024-06-01 11:53:46.363,281.772489,309.29236
2024-06-01 11:53:46.875,281.772489,310.04968
2024-06-01 11:53:47.387,323.106523,315.2842
2024-06-01 11:53:47.899,323.106523,340.5766
2024-06-01 11:53:48.411,323.106523,348.98248
2024-06-01 11:53:48.923,323.106523,342.59436
2024-06-01 11:53:49.435,292.105997,332.59402
2024-06-01 11:53:49.947,292.105997,316.21606
2024-06-01 11:53:50.459,292.105997,313.4109
2024-06-01 11:53:50.971,292.105997,316.70337
2024-06-01 11:53:51.483,281.772489,314.91272
2024-06-01 11:53:51.995,282.268025,308.59384
2024-06-01 11:53:52.507,282.268025,296.16534
2024-06-01 11:53:53.019,282.268025,298.63763
2024-06-01 11:53:53.531,261.564662,294.93753
2024-06-01 11:53:54.043,262.023852,285.646
2024-06-01 11:53:54.555,262.023852,275.1172
2024-06-01 11:53:55.067,262.023852,275.88327
2024-06-01 11:53:55.579,241.284143,277.59753
2024-06-01 11:53:56.091,242.129831,267.9986
2024-06-01 11:53:56.603,242.129831,263.55377
2024-06-01 11:53:57.115,242.129831,262.58752
2024-06-01 11:53:57.627,252.536031,261.90204
2024-06-01 11:53:58.139,252.977049,266.07065
2024-06-01 11:53:58.651,252.977049,267.69574
2024-06-01 11:53:59.163,252.977049,268.00043
2024-06-01 11:53:59.675,221.703929,268.02704
2024-06-01 11:54:00.187,222.090428,254.26543
2024-06-01 11:54:00.699,222.090428,248.31534
2024-06-01 11:54:01.211,222.090428,246.70479
2024-06-01 11:54:01.723,222.090428,245.69225
2024-06-01 11:54:02.235,222.863424,248.56548
2024-06-01 11:54:02.747,222.863424,249.28561
2024-06-01 11:54:03.259,222.863424,245.55702
2024-06-01 11:54:03.771,222.863424,241.8702
2024-06-01 11:54:04.283,222.863424,239.1667
2024-06-01 11:54:04.795,222.863424,237.12578
2024-06-01 11:54:05.307,222.863424,235.80264
2024-06-01 11:54:05.819,222.863424,234.73848
2024-06-01 11:54:06.331,222.863424,233.76788
2024-06-01 11:54:06.843,222.863424,232.76192
2024-06-01 11:54:07.355,222.863424,232.76192
2024-06-01 11:54:07.867,233.342316,232.76192
2024-06-01 11:54:08.379,233.342316,237.14891
2024-06-01 11:54:08.891,233.342316,239.0313
2024-06-01 11:54:09.403,233.342316,239.56096
2024-06-01 11:54:09.915,233.342316,239.87279
2024-06-01 11:54:10.427,233.342316,240.11794
2024-06-01 11:54:10.939,233.342316,240.30702
2024-06-01 11:54:11.451,233.342316,240.45908
2024-06-01 11:54:11.963,233.342316,240.5786
2024-06-01 11:54:12.475,233.342316,240.67128
2024-06-01 11:54:12.987,233.342316,240.74437
2024-06-01 11:54:13.499,233.342316,240.74437
2024-06-01 11:54:14.011,243.821208,240.74437
2024-06-01 11:54:14.523,243.821208,245.39241
2024-06-01 11:54:15.035,243.821208,247.44757
2024-06-01 11:54:15.547,243.821208,247.97185
2024-06-01 11:54:16.059,222.863424,248.27339
2024-06-01 11:54:16.571,222.863424,239.30585
2024-06-01 11:54:17.083,222.863424,235.63094
2024-06-01 11:54:17.595,222.863424,234.75719
2024-06-01 11:54:18.107,233.342316,234.27498
2024-06-01 11:54:18.619,233.746988,238.30754
2024-06-01 11:54:19.131,233.746988,239.92519
2024-06-01 11:54:19.643,233.746988,240.15479
2024-06-01 11:54:20.155,233.746988,240.21875
2024-06-01 11:54:20.667,233.746988,240.26962
2024-06-01 11:54:21.179,233.746988,240.30702
2024-06-01 11:54:21.691,233.746988,240.45908
2024-06-01 11:54:22.203,254.741117,240.5786
2024-06-01 11:54:22.715,254.741117,250.15443
2024-06-01 11:54:23.227,254.741117,254.54155
2024-06-01 11:54:23.739,254.741117,255.58342
2024-06-01 11:54:24.251,244.244052,256.16928
2024-06-01 11:54:24.763,244.244052,251.73557
2024-06-01 11:54:25.275,244.244052,249.95107
2024-06-01 11:54:25.787,244.244052,249.77037
2024-06-01 11:54:26.299,244.244052,249.7334
2024-06-01 11:54:26.811,244.244052,249.67125
2024-06-01 11:54:27.323,244.244052,249.63074
2024-06-01 11:54:27.835,244.244052,249.47511
2024-06-01 11:54:28.347,254.741117,249.35027
2024-06-01 11:54:28.859,254.741117,254.16348
2024-06-01 11:54:29.371,254.741117,256.31583
2024-06-01 11:54:29.883,254.741117,256.81738
2024-06-01 11:54:30.394,233.746988,257.09555
2024-06-01 11:54:30.906,233.746988,247.61824
2024-06-01 11:54:31.418,233.746988,243.61992
2024-06-01 11:54:31.930,233.746988,242.77277
2024-06-01 11:54:32.442,233.746988,242.31616
2024-06-01 11:54:32.954,233.746988,241.92577
2024-06-01 11:54:33.466,233.746988,241.63403
2024-06-01 11:54:33.978,233.746988,241.33429
2024-06-01 11:54:34.490,244.244052,241.09135
2024-06-01 11:54:35.002,244.666897,245.54887
2024-06-01 11:54:35.514,244.666897,247.44757
2024-06-01 11:54:36.026,244.666897,247.97185
2024-06-01 11:54:36.538,223.636421,248.27342
2024-06-01 11:54:37.050,223.249923,239.30588
2024-06-01 11:54:37.562,223.249923,235.63094
2024-06-01 11:54:38.074,223.249923,234.75719
2024-06-01 11:54:38.586,244.244052,234.27498
2024-06-01 11:54:39.098,244.244052,242.90112
2024-06-01 11:54:39.610,244.244052,246.60727
2024-06-01 11:54:40.122,244.244052,247.36534
2024-06-01 11:54:40.634,265.238182,247.72643
2024-06-01 11:54:41.146,265.697372,258.01358
2024-06-01 11:54:41.658,265.697372,262.89682
2024-06-01 11:54:42.170,265.697372,264.2121
2024-06-01 11:54:42.682,244.666897,265.00113
2024-06-01 11:54:43.194,244.666897,255.5032
2024-06-01 11:54:43.706,244.666897,251.55031
2024-06-01 11:54:44.218,244.666897,250.9196
2024-06-01 11:54:44.730,244.666897,250.6328
2024-06-01 11:54:45.242,244.666897,250.32289
2024-06-01 11:54:45.754,244.666897,250.0944
2024-06-01 11:54:46.266,244.666897,249.78377
2024-06-01 11:54:46.778,255.182134,249.53246
2024-06-01 11:54:47.290,255.182134,254.24577
2024-06-01 11:54:47.802,255.182134,256.31583
2024-06-01 11:54:48.314,255.182134,256.81738
2024-06-01 11:54:48.826,265.697372,257.09552
2024-06-01 11:54:49.338,265.697372,262.5191
2024-06-01 11:54:49.850,265.697372,265.1228
2024-06-01 11:54:50.362,265.697372,265.74664
2024-06-01 11:54:50.874,265.697372,266.11713
2024-06-01 11:54:51.386,265.697372,266.48358
2024-06-01 11:54:51.898,265.697372,266.76947
2024-06-01 11:54:52.410,265.697372,266.93365
2024-06-01 11:54:52.922,244.666897,267.0633
2024-06-01 11:54:53.434,244.666897,256.90247
2024-06-01 11:54:53.946,244.666897,252.43945
2024-06-01 11:54:54.458,244.666897,251.48387
2024-06-01 11:54:54.970,255.182134,250.73485
2024-06-01 11:54:55.482,255.182134,255.32811
2024-06-01 11:54:55.994,255.182134,257.33972
2024-06-01 11:54:56.506,255.182134,257.5737
2024-06-01 11:54:57.018,255.182134,257.57806
2024-06-01 11:54:57.530,255.182134,257.57343
2024-06-01 11:54:58.042,255.182134,257.49203
2024-06-01 11:54:58.554,255.182134,257.46524
2024-06-01 11:54:59.066,265.697372,257.3077
2024-06-01 11:54:59.578,265.697372,262.6112
2024-06-01 11:55:00.090,265.697372,265.1262
2024-06-01 11:55:00.602,265.697372,265.62024
2024-06-01 11:55:01.114,244.666897,265.8858
2024-06-01 11:55:01.626,244.244052,255.87315
2024-06-01 11:55:02.138,244.244052,251.52965
2024-06-01 11:55:02.650,244.244052,250.68585
2024-06-01 11:55:03.162,254.741117,250.24553
2024-06-01 11:55:03.674,254.741117,254.77473
2024-06-01 11:55:04.186,254.741117,256.72095
2024-06-01 11:55:04.698,254.741117,256.91467
2024-06-01 11:55:05.210,244.244052,256.93127
2024-06-01 11:55:05.722,244.244052,251.98973
2024-06-01 11:55:06.234,244.244052,249.80775
2024-06-01 11:55:06.746,244.244052,249.44685
2024-06-01 11:55:07.258,244.244052,249.27827
2024-06-01 11:55:07.770,244.666897,249.12431
2024-06-01 11:55:08.282,244.666897,249.01164
2024-06-01 11:55:08.794,244.666897,248.8456
2024-06-01 11:55:09.306,276.21261,248.70995
2024-06-01 11:55:09.818,276.21261,263.9679
2024-06-01 11:55:10.330,276.21261,271.24338
2024-06-01 11:55:10.842,276.21261,272.75363
2024-06-01 11:55:11.354,255.182134,273.53857
2024-06-01 11:55:11.866,255.182134,263.60962
2024-06-01 11:55:12.378,255.182134,259.41522
2024-06-01 11:55:12.890,255.182134,259.0082
2024-06-01 11:55:13.402,255.182134,258.90723
2024-06-01 11:55:13.914,255.182134,258.69836
2024-06-01 11:55:14.426,255.182134,258.5537
2024-06-01 11:55:14.938,255.182134,258.21082
2024-06-01 11:55:15.450,244.666897,257.92883
2024-06-01 11:55:15.962,244.666897,252.70647
2024-06-01 11:55:16.474,244.666897,250.30159
2024-06-01 11:55:16.986,244.666897,249.77504
2024-06-01 11:55:17.498,255.182134,249.47485
2024-06-01 11:55:18.010,255.182134,254.14711
2024-06-01 11:55:18.522,255.182134,256.19376
2024-06-01 11:55:19.034,255.182134,256.55908
2024-06-01 11:55:19.546,265.697372,256.72
2024-06-01 11:55:20.058,265.697372,262.06476
2024-06-01 11:55:20.570,265.697372,264.5993
2024-06-01 11:55:21.082,265.697372,265.27252
2024-06-01 11:55:21.594,276.21261,265.68292
2024-06-01 11:55:22.106,275.735247,271.52383
2024-06-01 11:55:22.618,275.735247,274.42786
2024-06-01 11:55:23.130,275.735247,275.03265
2024-06-01 11:55:23.642,265.238182,275.38605
2024-06-01 11:55:24.154,265.238182,270.2713
2024-06-01 11:55:24.666,265.238182,268.03693
2024-06-01 11:55:25.178,265.238182,267.7912
2024-06-01 11:55:25.690,254.741117,267.7155
2024-06-01 11:55:26.202,255.182134,262.2935
2024-06-01 11:55:26.714,255.182134,259.77484
2024-06-01 11:55:27.226,255.182134,259.11975
2024-06-01 11:55:27.738,255.182134,258.71527
2024-06-01 11:55:28.250,255.182134,258.33295
2024-06-01 11:55:28.762,255.182134,258.02658
2024-06-01 11:55:29.274,255.182134,257.85522
2024-06-01 11:55:29.786,255.182134,257.7153
2024-06-01 11:55:30.298,254.741117,257.6022
2024-06-01 11:55:30.810,254.741117,257.50827
2024-06-01 11:55:31.322,254.741117,257.50827
2024-06-01 11:55:31.834,244.244052,257.50827
2024-06-01 11:55:32.346,244.666897,252.51756
2024-06-01 11:55:32.858,244.666897,250.30159
2024-06-01 11:55:33.370,244.666897,249.77504
2024-06-01 11:55:33.882,255.182134,249.47485
2024-06-01 11:55:34.394,255.182134,254.14711
2024-06-01 11:55:34.906,255.182134,256.19376
2024-06-01 11:55:35.418,255.182134,256.55908
2024-06-01 11:55:35.930,265.697372,256.72
2024-06-01 11:55:36.442,265.697372,262.06476
2024-06-01 11:55:36.954,265.697372,264.5993
2024-06-01 11:55:37.466,265.697372,265.27252
2024-06-01 11:55:37.978,255.182134,265.68292
2024-06-01 11:55:38.490,255.182134,260.824
2024-06-01 11:55:39.002,255.182134,258.7503
2024-06-01 11:55:39.514,255.182134,258.43423
2024-06-01 11:55:40.026,286.727847,258.30194
2024-06-01 11:55:40.538,286.727847,274.3458
2024-06-01 11:55:41.050,286.727847,282.18817
2024-06-01 11:55:41.562,286.727847,283.27255
2024-06-01 11:55:42.074,286.727847,283.69354
2024-06-01 11:55:42.586,286.727847,284.43207
2024-06-01 11:55:43.098,286.727847,285.0231
2024-06-01 11:55:43.610,286.727847,285.5572
2024-06-01 11:55:44.122,286.727847,285.9799
2024-06-01 11:55:44.634,286.727847,286.31323
2024-06-01 11:55:45.146,286.727847,286.58853
2024-06-01 11:55:45.658,286.727847,286.58853
2024-06-01 11:55:46.170,276.21261,286.58853
2024-06-01 11:55:46.682,276.21261,280.82697
2024-06-01 11:55:47.194,276.21261,278.11362
2024-06-01 11:55:47.706,276.21261,277.7939
2024-06-01 11:55:48.218,286.727847,277.66068
2024-06-01 11:55:48.730,286.727847,283.1119
2024-06-01 11:55:49.242,286.727847,285.66525
2024-06-01 11:55:49.754,286.727847,285.7957
2024-06-01 11:55:50.266,307.758322,285.76172
2024-06-01 11:55:50.778,307.758322,298.02713
2024-06-01 11:55:51.290,307.758322,304.2235
2024-06-01 11:55:51.802,307.758322,304.5981
2024-06-01 11:55:52.314,307.758322,304.60675
2024-06-01 11:55:52.826,307.758322,305.28146
2024-06-01 11:55:53.338,307.758322,305.8477
2024-06-01 11:55:53.850,307.758322,306.1942
2024-06-01 11:55:54.362,286.727847,306.47293
2024-06-01 11:55:54.874,286.727847,294.4742
2024-06-01 11:55:55.386,286.727847,288.8847
2024-06-01 11:55:55.898,286.727847,288.61932
2024-06-01 11:55:56.410,286.727847,288.66327
2024-06-01 11:55:56.922,286.727847,288.14395
2024-06-01 11:55:57.434,286.727847,287.6834
2024-06-01 11:55:57.946,286.727847,287.32565
2024-06-01 11:55:58.458,286.727847,287.02872
2024-06-01 11:55:58.970,286.727847,286.78812
2024-06-01 11:55:59.482,286.727847,286.58853
2024-06-01 11:55:59.994,286.727847,286.78387
2024-06-01 11:56:00.506,286.727847,286.49686
2024-06-01 11:56:01.018,286.727847,286.88995
2024-06-01 11:56:01.530,286.727847,287.29596
2024-06-01 11:56:02.042,286.727847,287.42145
2024-06-01 11:56:02.553,297.243085,287.41452
2024-06-01 11:56:03.065,296.729376,293.3637
2024-06-01 11:56:03.577,296.729376,296.16977
2024-06-01 11:56:04.089,296.729376,296.11218
2024-06-01 11:56:04.601,286.232311,295.74472
2024-06-01 11:56:05.113,286.232311,289.9859
2024-06-01 11:56:05.625,286.232311,287.3463
2024-06-01 11:56:06.137,286.232311,287.2983
2024-06-01 11:56:06.649,328.22057,287.38055
2024-06-01 11:56:07.161,328.22057,312.47232
2024-06-01 11:56:07.673,328.22057,325.5432
2024-06-01 11:56:08.185,328.22057,324.92938
2024-06-01 11:56:08.697,317.723506,323.80844
2024-06-01 11:56:09.209,317.723506,318.2343
2024-06-01 11:56:09.721,317.723506,315.93936
2024-06-01 11:56:10.233,317.723506,316.9751
2024-06-01 11:56:10.745,317.723506,317.9166
2024-06-01 11:56:11.257,317.723506,318.11255
2024-06-01 11:56:11.769,317.723506,318.26816
2024-06-01 11:56:12.281,317.723506,318.08856
2024-06-01 11:56:12.793,317.723506,317.9343
2024-06-01 11:56:13.305,317.723506,317.805
2024-06-01 11:56:13.817,317.723506,317.69293
2024-06-01 11:56:14.329,317.723506,317.69293
2024-06-01 11:56:14.841,317.723506,317.69293
2024-06-01 11:56:15.353,317.723506,317.69293
2024-06-01 11:56:15.865,317.723506,317.69293
2024-06-01 11:56:16.377,317.723506,318.10767
2024-06-01 11:56:16.889,328.22057,317.82397
2024-06-01 11:56:17.401,328.22057,324.99512
2024-06-01 11:56:17.913,328.22057,328.98425
2024-06-01 11:56:18.425,328.22057,328.78656
2024-06-01 11:56:18.937,317.723506,328.30472
2024-06-01 11:56:19.449,317.723506,321.81058
2024-06-01 11:56:19.961,317.723506,318.66394
2024-06-01 11:56:20.473,317.723506,318.91946
2024-06-01 11:56:20.985,317.723506,319.07092
2024-06-01 11:56:21.497,317.723506,318.9242
2024-06-01 11:56:22.009,317.723506,318.7851
2024-06-01 11:56:22.521,317.723506,318.59247
2024-06-01 11:56:23.033,317.723506,318.42566
2024-06-01 11:56:23.545,317.723506,318.2815
2024-06-01 11:56:24.057,317.723506,318.15024
2024-06-01 11:56:24.569,317.723506,318.15024
2024-06-01 11:56:25.081,328.22057,318.15024
2024-06-01 11:56:25.593,328.22057,324.89117
2024-06-01 11:56:26.105,328.22057,328.26657
2024-06-01 11:56:26.617,328.22057,327.8742
2024-06-01 11:56:27.129,328.22057,327.458
2024-06-01 11:56:27.641,328.22057,327.77307
2024-06-01 11:56:28.153,328.22057,328.05045
2024-06-01 11:56:28.665,328.22057,328.23804
2024-06-01 11:56:29.177,338.717635,328.39706
2024-06-01 11:56:29.689,338.717635,335.45544
2024-06-01 11:56:30.201,338.717635,339.05225
2024-06-01 11:56:30.713,338.717635,338.39227
2024-06-01 11:56:31.225,328.22057,337.76074
2024-06-01 11:56:31.737,328.22057,331.20477
2024-06-01 11:56:32.249,328.22057,328.15216
2024-06-01 11:56:32.761,328.22057,328.88684
2024-06-01 11:56:33.273,296.729376,329.60446
2024-06-01 11:56:33.785,297.243085,309.89804
2024-06-01 11:56:34.297,297.243085,300.47012
2024-06-01 11:56:34.809,297.243085,300.39313
2024-06-01 11:56:35.321,318.27356,300.73694
2024-06-01 11:56:35.833,318.27356,312.64844
2024-06-01 11:56:36.345,318.27356,318.24365
2024-06-01 11:56:36.857,318.27356,317.49838
2024-06-01 11:56:37.369,307.758322,316.6197
2024-06-01 11:56:37.881,307.758322,310.24918
2024-06-01 11:56:38.393,307.758322,307.2171
2024-06-01 11:56:38.905,307.758322,307.68658
2024-06-01 11:56:39.417,307.758322,308.17392
2024-06-01 11:56:39.929,307.758322,308.17422
2024-06-01 11:56:40.441,307.758322,308.18262
2024-06-01 11:56:40.953,307.758322,307.98334
2024-06-01 11:56:41.465,318.27356,307.8118
2024-06-01 11:56:41.977,318.27356,314.19977
2024-06-01 11:56:42.489,318.27356,317.32056
2024-06-01 11:56:43.001,318.27356,317.1815
2024-06-01 11:56:43.513,307.758322,316.96695
2024-06-01 11:56:44.025,307.758322,310.72656
2024-06-01 11:56:44.537,307.758322,307.823
2024-06-01 11:56:45.049,307.758322,308.1062
2024-06-01 11:56:45.561,328.788798,308.44403
2024-06-01 11:56:46.073,328.788798,321.57257
2024-06-01 11:56:46.585,328.788798,328.18988
2024-06-01 11:56:47.097,328.788798,327.40204
2024-06-01 11:56:47.609,307.758322,326.54364
2024-06-01 11:56:48.121,307.758322,313.77692
2024-06-01 11:56:48.633,307.758322,307.85956
2024-06-01 11:56:49.145,307.758322,308.41
2024-06-01 11:56:49.657,318.27356,309.32037
2024-06-01 11:56:50.169,318.27356,315.4134
2024-06-01 11:56:50.681,318.27356,318.19623
2024-06-01 11:56:51.193,318.27356,317.554
2024-06-01 11:56:51.705,307.758322,316.97314
2024-06-01 11:56:52.217,307.758322,310.5044
2024-06-01 11:56:52.729,307.758322,307.4314
2024-06-01 11:56:53.241,307.758322,307.83948
2024-06-01 11:56:53.753,307.758322,308.35626
2024-06-01 11:56:54.265,307.758322,308.21365
2024-06-01 11:56:54.777,307.758322,308.08276
2024-06-01 11:56:55.289,307.758322,307.88818
2024-06-01 11:56:55.801,339.304035,307.722
2024-06-01 11:56:56.313,339.304035,327.67383
2024-06-01 11:56:56.825,339.304035,337.93524
2024-06-01 11:56:57.337,339.304035,336.5703
2024-06-01 11:56:57.849,307.758322,335.12344
2024-06-01 11:56:58.361,307.758322,316.07977
2024-06-01 11:56:58.873,307.758322,307.48605
2024-06-01 11:56:59.385,307.758322,308.74072
2024-06-01 11:56:59.897,307.758322,310.1274
2024-06-01 11:57:00.409,307.758322,309.76392
2024-06-01 11:57:00.921,307.758322,309.3684
2024-06-01 11:57:01.433,307.758322,308.79163
2024-06-01 11:57:01.945,328.788798,308.28372
2024-06-01 11:57:02.457,328.788798,321.06424
2024-06-01 11:57:02.969,328.788798,327.387
2024-06-01 11:57:03.481,328.788798,326.78735
2024-06-01 11:57:03.993,328.788798,326.0768
2024-06-01 11:57:04.505,328.788798,326.7041
2024-06-01 11:57:05.017,328.788798,327.2465
2024-06-01 11:57:05.529,328.788798,327.61368
2024-06-01 11:57:06.041,349.819273,327.91922
2024-06-01 11:57:06.553,349.819273,342.1334
2024-06-01 11:57:07.065,349.819273,349.4723
2024-06-01 11:57:07.577,349.819273,347.7763
2024-06-01 11:57:08.089,349.819273,346.2102
2024-06-01 11:57:08.601,349.819273,347.00116
2024-06-01 11:57:09.113,349.819273,347.6952
2024-06-01 11:57:09.625,349.819273,348.0454
2024-06-01 11:57:10.137,339.304035,348.34256
2024-06-01 11:57:10.649,338.717635,341.57098
2024-06-01 11:57:11.161,338.717635,338.38196
2024-06-01 11:57:11.673,338.717635,339.15317
2024-06-01 11:57:12.185,338.717635,339.9272
2024-06-01 11:57:12.697,339.304035,339.59393
2024-06-01 11:57:13.209,339.304035,339.2601
2024-06-01 11:57:13.721,339.304035,339.09186
2024-06-01 11:57:14.233,360.334511,338.93976
2024-06-01 11:57:14.745,360.334511,353.05933
2024-06-01 11:57:15.257,360.334511,360.19385
2024-06-01 11:57:15.769,360.334511,357.94354
2024-06-01 11:57:16.281,349.819273,355.95508
2024-06-01 11:57:16.793,349.819273,349.73184
2024-06-01 11:57:17.305,349.819273,347.08035
2024-06-01 11:57:17.817,349.819273,348.4433
2024-06-01 11:57:18.329,339.304035,349.6765
2024-06-01 11:57:18.841,339.304035,342.51288
2024-06-01 11:57:19.353,339.304035,338.93808
2024-06-01 11:57:19.865,339.304035,339.5408
2024-06-01 11:57:20.377,381.364986,340.1775
2024-06-01 11:57:20.889,381.364986,368.7016
2024-06-01 11:57:21.401,381.364986,383.41782
2024-06-01 11:57:21.913,381.364986,377.80933
2024-06-01 11:57:22.425,349.819273,372.44885
2024-06-01 11:57:22.937,349.819273,353.59485
2024-06-01 11:57:23.449,349.819273,345.87195
2024-06-01 11:57:23.961,349.819273,349.76776
2024-06-01 11:57:24.473,328.788798,353.19202
2024-06-01 11:57:24.985,328.788798,338.64227
2024-06-01 11:57:25.497,328.788798,331.08008
2024-06-01 11:57:26.009,328.788798,331.555
2024-06-01 11:57:26.521,391.880224,332.16916
2024-06-01 11:57:27.033,391.880224,374.79773
2024-06-01 11:57:27.545,391.880224,397.424
2024-06-01 11:57:28.057,391.880224,387.23965
2024-06-01 11:57:28.569,328.788798,378.7575
2024-06-01 11:57:29.081,328.788798,340.03644
2024-06-01 11:57:29.593,328.788798,323.5811
2024-06-01 11:57:30.105,328.788798,328.74393
2024-06-01 11:57:30.617,328.788798,334.07376
2024-06-01 11:57:31.129,328.22057,333.5795
2024-06-01 11:57:31.641,328.22057,332.57172
2024-06-01 11:57:32.153,328.22057,331.6725
2024-06-01 11:57:32.665,328.22057,330.6881
2024-06-01 11:57:33.177,328.788798,329.74786
2024-06-01 11:57:33.689,328.788798,328.87524
2024-06-01 11:57:34.201,328.788798,328.87524
2024-06-01 11:57:34.713,318.27356,328.87524
2024-06-01 11:57:35.224,318.27356,322.12613
2024-06-01 11:57:35.736,318.27356,318.8416
2024-06-01 11:57:36.248,318.27356,319.14795
2024-06-01 11:57:36.760,328.788798,319.50122
2024-06-01 11:57:37.272,328.788798,325.97244
2024-06-01 11:57:37.784,328.788798,329.09152
2024-06-01 11:57:38.296,328.788798,328.5105
2024-06-01 11:57:38.808,328.788798,327.9342
2024-06-01 11:57:39.320,328.788798,328.10593
2024-06-01 11:57:39.832,328.788798,328.24878
2024-06-01 11:57:40.344,328.788798,328.43997
2024-06-01 11:57:40.856,339.304035,328.60297
2024-06-01 11:57:41.368,338.717635,335.68945
2024-06-01 11:57:41.880,338.717635,339.30273
2024-06-01 11:57:42.392,338.717635,338.6501
2024-06-01 11:57:42.904,328.22057,338.0375
2024-06-01 11:57:43.416,328.788798,331.45944
2024-06-01 11:57:43.928,328.788798,328.3909
2024-06-01 11:57:44.440,328.788798,329.12408
2024-06-01 11:57:44.952,318.27356,329.82956
2024-06-01 11:57:45.464,318.27356,322.92072
2024-06-01 11:57:45.976,318.27356,319.4763
2024-06-01 11:57:46.488,318.27356,319.59393
2024-06-01 11:57:47.000,318.27356,319.79407
2024-06-01 11:57:47.512,318.27356,319.35672
2024-06-01 11:57:48.024,318.27356,318.94553
2024-06-01 11:57:48.536,318.27356,318.74884
2024-06-01 11:57:49.048,318.27356,318.5775
2024-06-01 11:57:49.560,318.27356,318.4272
2024-06-01 11:57:50.072,318.27356,318.28726
2024-06-01 11:57:50.584,318.27356,318.28726
2024-06-01 11:57:51.096,349.819273,318.28726
2024-06-01 11:57:51.608,349.819273,339.10498
2024-06-01 11:57:52.120,349.819273,349.86612
2024-06-01 11:57:52.632,349.819273,347.68246
2024-06-01 11:57:53.144,318.27356,345.69183
2024-06-01 11:57:53.656,318.27356,326.1624
2024-06-01 11:57:54.168,318.27356,317.33365
2024-06-01 11:57:54.680,318.27356,319.1852
2024-06-01 11:57:55.192,318.27356,321.0481
2024-06-01 11:57:55.704,318.27356,320.68463
2024-06-01 11:57:56.216,318.27356,320.28418
2024-06-01 11:57:56.728,318.27356,319.70624
2024-06-01 11:57:57.240,339.304035,319.1844
2024-06-01 11:57:57.752,339.304035,332.42462
2024-06-01 11:57:58.264,339.304035,338.9651
2024-06-01 11:57:58.776,339.304035,337.86984
2024-06-01 11:57:59.288,318.27356,336.82352
2024-06-01 11:57:59.800,318.27356,323.85123
2024-06-01 11:58:00.312,318.27356,317.88812
2024-06-01 11:58:00.824,318.27356,319.01315
2024-06-01 11:58:01.336,328.788798,320.14243
2024-06-01 11:58:01.848,328.788798,326.63345
2024-06-01 11:58:02.360,328.788798,329.7623
2024-06-01 11:58:02.872,328.788798,328.98248
2024-06-01 11:58:03.384,328.788798,328.2176
2024-06-01 11:58:03.896,328.788798,328.24054
2024-06-01 11:58:04.408,328.788798,328.24878
2024-06-01 11:58:04.920,328.788798,328.43997
2024-06-01 11:58:05.432,328.788798,328.60297
2024-06-01 11:58:05.944,328.788798,328.74417
2024-06-01 11:58:06.456,328.788798,328.87524
2024-06-01 11:58:06.968,328.788798,328.87524
2024-06-01 11:58:07.480,318.27356,328.87524
2024-06-01 11:58:07.992,318.27356,322.12613
2024-06-01 11:58:08.504,318.27356,318.8416
2024-06-01 11:58:09.016,318.27356,319.14795
2024-06-01 11:58:09.528,339.304035,319.50122
2024-06-01 11:58:10.040,339.304035,332.91724
2024-06-01 11:58:10.552,339.304035,339.62997
2024-06-01 11:58:11.064,339.304035,338.32324
2024-06-01 11:58:11.576,339.304035,337.07782
2024-06-01 11:58:12.088,339.304035,337.62793
2024-06-01 11:58:12.600,339.304035,338.0855
2024-06-01 11:58:13.112,339.304035,338.459
2024-06-01 11:58:13.624,328.788798,338.77496
2024-06-01 11:58:14.136,328.788798,332.12585
2024-06-01 11:58:14.648,328.788798,329.00552
2024-06-01 11:58:15.160,328.788798,329.54785
2024-06-01 11:58:15.672,370.849748,330.10614
2024-06-01 11:58:16.184,370.849748,358.49353
2024-06-01 11:58:16.696,370.849748,373.29263
2024-06-01 11:58:17.208,370.849748,368.12317
2024-06-01 11:58:17.720,328.788798,363.70743
2024-06-01 11:58:18.232,328.788798,337.41483
2024-06-01 11:58:18.744,328.788798,325.77567
2024-06-01 11:58:19.256,328.788798,329.18768
2024-06-01 11:58:19.768,328.788798,332.5796
2024-06-01 11:58:20.280,328.788798,332.0857
2024-06-01 11:58:20.792,328.788798,331.41818
2024-06-01 11:58:21.304,328.788798,330.7247
2024-06-01 11:58:21.816,328.788798,330.05353
2024-06-01 11:58:22.328,328.788798,329.44147
2024-06-01 11:58:22.840,328.788798,328.87524
2024-06-01 11:58:23.352,328.788798,328.87524
2024-06-01 11:58:23.864,328.788798,328.87524
2024-06-01 11:58:24.376,328.788798,328.87524
2024-06-01 11:58:24.888,328.788798,328.87524
2024-06-01 11:58:25.400,328.788798,328.87524
2024-06-01 11:58:25.912,328.788798,328.87524
2024-06-01 11:58:26.424,328.788798,328.87524
2024-06-01 11:58:26.936,328.788798,328.87524
2024-06-01 11:58:27.448,328.788798,328.87524
2024-06-01 11:58:27.960,328.788798,328.87524
2024-06-01 11:58:28.472,328.788798,328.87524
2024-06-01 11:58:28.984,328.788798,328.87524
2024-06-01 11:58:29.496,328.788798,328.87524
2024-06-01 11:58:30.008,328.788798,328.87524
2024-06-01 11:58:30.520,328.788798,328.87524
2024-06-01 11:58:31.032,328.788798,328.87524
2024-06-01 11:58:31.544,328.788798,328.87524
2024-06-01 11:58:32.056,339.304035,328.87524
2024-06-01 11:58:32.568,339.304035,335.8196
2024-06-01 11:58:33.080,339.304035,339.30273
2024-06-01 11:58:33.592,339.304035,338.6501
2024-06-01 11:58:34.104,339.304035,338.0375
2024-06-01 11:58:34.616,339.304035,338.3847
2024-06-01 11:58:35.128,339.304035,338.68805
2024-06-01 11:58:35.640,339.304035,338.87445
2024-06-01 11:58:36.152,307.758322,339.03445
2024-06-01 11:58:36.664,307.758322,319.03723
2024-06-01 11:58:37.176,307.758322,309.60028
2024-06-01 11:58:37.688,307.758322,310.24225
2024-06-01 11:58:38.200,328.788798,311.18515
2024-06-01 11:58:38.712,328.788798,323.72906
2024-06-01 11:58:39.224,328.788798,329.72467
2024-06-01 11:58:39.736,328.788798,328.52896
2024-06-01 11:58:40.248,328.788798,327.30127
2024-06-01 11:58:40.760,328.788798,327.49603
2024-06-01 11:58:41.272,328.788798,327.6363
2024-06-01 11:58:41.784,328.788798,328.01807
2024-06-01 11:58:42.296,339.304035,328.34006
2024-06-01 11:58:42.808,338.717635,335.56354
2024-06-01 11:58:43.320,338.717635,339.30273
2024-06-01 11:58:43.832,338.717635,338.6501
2024-06-01 11:58:44.344,328.22057,338.0375
2024-06-01 11:58:44.856,328.788798,331.45944
2024-06-01 11:58:45.368,328.788798,328.3909
