timestamp,Actual,Predicted
2024-06-01 11:40:00.004,349.2147,348.7049
2024-06-01 11:40:00.516,349.2147,348.7049
2024-06-01 11:40:01.028,349.2147,348.7049
2024-06-01 11:40:01.540,349.2147,348.7049
2024-06-01 11:40:02.052,370.208829,370.06204
2024-06-01 11:40:02.564,370.208829,370.06204
2024-06-01 11:40:03.076,370.208829,370.06204
2024-06-01 11:40:03.588,370.208829,370.06204
2024-06-01 11:40:04.100,359.711764,359.38342
2024-06-01 11:40:04.612,359.711764,359.38342
2024-06-01 11:40:05.124,359.711764,359.38342
2024-06-01 11:40:05.636,359.711764,359.38342
2024-06-01 11:40:06.148,370.208829,370.06204
2024-06-01 11:40:06.660,370.208829,370.06204
2024-06-01 11:40:07.172,370.208829,370.06204
2024-06-01 11:40:07.684,370.208829,370.06204
2024-06-01 11:40:08.196,370.208829,370.06204
2024-06-01 11:40:08.708,370.208829,370.06204
2024-06-01 11:40:09.220,370.208829,370.06204
2024-06-01 11:40:09.732,370.208829,370.06204
2024-06-01 11:40:10.244,370.208829,370.06204
2024-06-01 11:40:10.756,370.208829,370.06204
2024-06-01 11:40:11.268,370.208829,370.06204
2024-06-01 11:40:11.780,370.208829,370.06204
2024-06-01 11:40:12.292,370.208829,370.06204
2024-06-01 11:40:12.804,370.208829,370.06204
2024-06-01 11:40:13.316,370.208829,370.06204
2024-06-01 11:40:13.828,370.208829,370.06204
2024-06-01 11:40:14.340,359.711764,359.38342
2024-06-01 11:40:14.852,359.711764,359.38342
2024-06-01 11:40:15.364,359.711764,359.38342
2024-06-01 11:40:15.876,359.711764,359.38342
2024-06-01 11:40:16.388,370.208829,370.06204
2024-06-01 11:40:16.900,370.208829,370.06204
2024-06-01 11:40:17.412,370.208829,370.06204
2024-06-01 11:40:17.924,370.208829,370.06204
2024-06-01 11:40:18.436,370.208829,370.06204
2024-06-01 11:40:18.948,370.208829,370.06204
2024-06-01 11:40:19.460,370.208829,370.06204
2024-06-01 11:40:19.972,370.208829,370.06204
2024-06-01 11:40:20.484,370.208829,370.06204
2024-06-01 11:40:20.996,370.208829,370.06204
2024-06-01 11:40:21.508,370.208829,370.06204
2024-06-01 11:40:22.020,370.208829,370.06204
2024-06-01 11:40:22.532,359.711764,359.38342
2024-06-01 11:40:23.044,359.711764,359.38342
2024-06-01 11:40:23.556,359.711764,359.38342
2024-06-01 11:40:24.068,359.711764,359.38342
2024-06-01 11:40:24.580,359.711764,359.38342
2024-06-01 11:40:25.092,359.711764,359.38342
2024-06-01 11:40:25.604,359.711764,359.38342
2024-06-01 11:40:26.116,359.711764,359.38342
2024-06-01 11:40:26.628,391.202959,391.4192
2024-06-01 11:40:27.140,391.202959,391.4192
2024-06-01 11:40:27.652,391.202959,391.4192
2024-06-01 11:40:28.164,391.202959,391.4192
2024-06-01 11:40:28.676,370.208829,370.06204
2024-06-01 11:40:29.188,370.849748,370.06204
2024-06-01 11:40:29.700,370.849748,370.06204
2024-06-01 11:40:30.212,370.849748,370.06204
2024-06-01 11:40:30.724,370.849748,370.06204
2024-06-01 11:40:31.236,370.208829,370.06204
2024-06-01 11:40:31.748,370.208829,370.062
2024-06-01 11:40:32.260,370.208829,370.062
2024-06-01 11:40:32.772,359.711764,359.38342
2024-06-01 11:40:33.284,359.711764,359.38342
2024-06-01 11:40:33.796,359.711764,359.38342
2024-06-01 11:40:34.308,359.711764,359.38342
2024-06-01 11:40:34.820,359.711764,359.38342
2024-06-01 11:40:35.332,359.711764,359.38342
2024-06-01 11:40:35.844,359.711764,359.38342
2024-06-01 11:40:36.356,359.711764,359.38342
2024-06-01 11:40:36.868,380.705894,380.7406
2024-06-01 11:40:37.380,380.705894,380.7406
2024-06-01 11:40:37.892,380.705894,380.7406
2024-06-01 11:40:38.403,380.705894,380.7406
2024-06-01 11:40:38.915,359.711764,359.38342
2024-06-01 11:40:39.427,359.711764,359.38342
2024-06-01 11:40:39.939,359.711764,359.38342
2024-06-01 11:40:40.451,359.711764,359.38342
2024-06-01 11:40:40.963,370.208829,370.06204
2024-06-01 11:40:41.475,370.208829,370.06204
2024-06-01 11:40:41.987,370.208829,370.06204
2024-06-01 11:40:42.499,370.208829,370.06204
2024-06-01 11:40:43.011,391.202959,391.4192
2024-06-01 11:40:43.523,391.202959,391.4192
2024-06-01 11:40:44.035,391.202959,391.4192
2024-06-01 11:40:44.547,391.202959,391.4192
2024-06-01 11:40:45.059,349.2147,348.7049
2024-06-01 11:40:45.571,349.2147,348.7049
2024-06-01 11:40:46.083,349.2147,348.7049
2024-06-01 11:40:46.595,349.2147,348.7049
2024-06-01 11:40:47.107,370.208829,370.06204
2024-06-01 11:40:47.619,370.208829,370.06204
2024-06-01 11:40:48.131,370.208829,370.062
2024-06-01 11:40:48.643,370.208829,370.062
2024-06-01 11:40:49.155,370.208829,370.06204
2024-06-01 11:40:49.667,370.849748,370.06204
2024-06-01 11:40:50.179,370.849748,370.06204
2024-06-01 11:40:50.691,370.849748,370.06204
2024-06-01 11:40:51.203,360.334511,359.38342
2024-06-01 11:40:51.715,359.711764,359.38342
2024-06-01 11:40:52.227,359.711764,359.38342
2024-06-01 11:40:52.739,359.711764,359.38342
2024-06-01 11:40:53.251,370.208829,370.06204
2024-06-01 11:40:53.763,370.208829,370.06204
2024-06-01 11:40:54.275,370.208829,370.06204
2024-06-01 11:40:54.787,370.208829,370.06204
2024-06-01 11:40:55.299,380.705894,380.7406
2024-06-01 11:40:55.811,380.705894,380.7406
2024-06-01 11:40:56.323,380.705894,380.7406
2024-06-01 11:40:56.835,380.705894,380.7406
2024-06-01 11:40:57.347,380.705894,380.7406
2024-06-01 11:40:57.859,381.364986,380.7406
2024-06-01 11:40:58.371,381.364986,380.7406
2024-06-01 11:40:58.883,381.364986,380.7406
2024-06-01 11:40:59.395,370.849748,370.06204
2024-06-01 11:40:59.907,370.208829,370.06204
2024-06-01 11:41:00.419,370.208829,370.06204
2024-06-01 11:41:00.931,370.208829,370.06204
2024-06-01 11:41:01.443,359.711764,359.38342
2024-06-01 11:41:01.955,360.334511,359.38342
2024-06-01 11:41:02.467,360.334511,359.38342
2024-06-01 11:41:02.979,360.334511,359.38342
2024-06-01 11:41:03.491,370.849748,370.06204
2024-06-01 11:41:04.003,370.208829,370.06204
2024-06-01 11:41:04.515,370.208829,370.062
2024-06-01 11:41:05.027,370.208829,370.062
2024-06-01 11:41:05.539,370.208829,370.06204
2024-06-01 11:41:06.051,370.208829,370.06204
2024-06-01 11:41:06.563,370.208829,370.06204
2024-06-01 11:41:07.075,370.208829,370.06204
2024-06-01 11:41:07.587,380.705894,380.7406
2024-06-01 11:41:08.099,381.364986,380.7406
2024-06-01 11:41:08.611,381.364986,380.7406
2024-06-01 11:41:09.123,381.364986,380.7406
2024-06-01 11:41:09.635,370.849748,370.06204
2024-06-01 11:41:10.147,370.849748,370.06204
2024-06-01 11:41:10.659,370.849748,370.06204
2024-06-01 11:41:11.171,370.849748,370.06204
2024-06-01 11:41:11.683,349.819273,348.7049
2024-06-01 11:41:12.195,349.819273,348.7049
2024-06-01 11:41:12.707,349.819273,348.7049
2024-06-01 11:41:13.219,349.819273,348.7049
2024-06-01 11:41:13.731,360.334511,359.38342
2024-06-01 11:41:14.243,360.334511,359.38342
2024-06-01 11:41:14.755,360.334511,359.38342
2024-06-01 11:41:15.267,360.334511,359.38342
2024-06-01 11:41:15.779,349.819273,348.7049
2024-06-01 11:41:16.291,349.2147,348.7049
2024-06-01 11:41:16.803,349.2147,348.7049
2024-06-01 11:41:17.315,349.2147,348.7049
2024-06-01 11:41:17.827,359.711764,359.38342
2024-06-01 11:41:18.339,359.711764,359.38342
2024-06-01 11:41:18.851,359.711764,359.38342
2024-06-01 11:41:19.363,359.711764,359.38342
2024-06-01 11:41:19.875,370.208829,370.06204
2024-06-01 11:41:20.387,370.208829,370.06204
2024-06-01 11:41:20.899,370.208829,370.062
2024-06-01 11:41:21.411,370.208829,370.062
2024-06-01 11:41:21.923,359.711764,359.38342
2024-06-01 11:41:22.435,360.334511,359.38342
2024-06-01 11:41:22.947,360.334511,359.38342
2024-06-01 11:41:23.459,360.334511,359.38342
2024-06-01 11:41:23.971,349.819273,348.7049
2024-06-01 11:41:24.483,349.819273,348.7049
2024-06-01 11:41:24.995,349.819273,348.7049
2024-06-01 11:41:25.507,349.819273,348.7049
2024-06-01 11:41:26.019,391.880224,391.4192
2024-06-01 11:41:26.531,391.880224,391.4192
2024-06-01 11:41:27.043,391.880224,391.4192
2024-06-01 11:41:27.555,391.880224,391.4192
2024-06-01 11:41:28.067,370.849748,370.06204
2024-06-01 11:41:28.579,370.849748,370.06204
2024-06-01 11:41:29.091,370.849748,370.06204
2024-06-01 11:41:29.603,370.849748,370.06204
2024-06-01 11:41:30.115,360.334511,359.38342
2024-06-01 11:41:30.627,360.334511,359.38342
2024-06-01 11:41:31.139,360.334511,359.60742
2024-06-01 11:41:31.651,360.334511,359.60742
2024-06-01 11:41:32.163,349.819273,348.9289
2024-06-01 11:41:32.675,349.819273,348.9289
2024-06-01 11:41:33.187,349.819273,348.9289
2024-06-01 11:41:33.699,349.819273,348.9289
2024-06-01 11:41:34.211,349.819273,348.9289
2024-06-01 11:41:34.723,349.819273,348.9289
2024-06-01 11:41:35.235,349.819273,348.9289
2024-06-01 11:41:35.747,349.819273,348.9289
2024-06-01 11:41:36.259,360.334511,359.60742
2024-06-01 11:41:36.771,360.334511,359.60742
2024-06-01 11:41:37.283,360.334511,359.60742
2024-06-01 11:41:37.795,360.334511,359.60742
2024-06-01 11:41:38.307,339.304035,338.25027
2024-06-01 11:41:38.819,339.304035,338.25027
2024-06-01 11:41:39.331,339.304035,338.25027
2024-06-01 11:41:39.843,339.304035,338.25027
2024-06-01 11:41:40.355,360.334511,359.60742
2024-06-01 11:41:40.867,360.334511,359.60742
2024-06-01 11:41:41.379,360.334511,359.60742
2024-06-01 11:41:41.891,360.334511,359.60742
2024-06-01 11:41:42.403,349.819273,348.9289
2024-06-01 11:41:42.915,349.819273,348.9289
2024-06-01 11:41:43.427,349.819273,348.9289
2024-06-01 11:41:43.939,349.819273,348.9289
2024-06-01 11:41:44.451,349.819273,348.9289
2024-06-01 11:41:44.963,349.819273,348.9289
2024-06-01 11:41:45.475,349.819273,348.9289
2024-06-01 11:41:45.987,349.819273,348.9289
2024-06-01 11:41:46.499,349.819273,348.9289
2024-06-01 11:41:47.011,349.2147,348.9289
2024-06-01 11:41:47.523,349.2147,348.9289
2024-06-01 11:41:48.035,349.2147,348.9289
2024-06-01 11:41:48.547,349.2147,348.9289
2024-06-01 11:41:49.059,349.819273,348.9289
2024-06-01 11:41:49.571,349.819273,348.9289
2024-06-01 11:41:50.083,349.819273,348.9289
2024-06-01 11:41:50.595,370.849748,370.28607
2024-06-01 11:41:51.107,370.849748,370.28607
2024-06-01 11:41:51.619,370.849748,370.28607
2024-06-01 11:41:52.131,370.849748,370.28607
2024-06-01 11:41:52.643,360.334511,359.60742
2024-06-01 11:41:53.155,360.334511,359.60742
2024-06-01 11:41:53.667,360.334511,359.60742
2024-06-01 11:41:54.179,360.334511,359.60742
2024-06-01 11:41:54.691,349.819273,348.9289
2024-06-01 11:41:55.203,349.819273,348.9289
2024-06-01 11:41:55.715,349.819273,348.9289
2024-06-01 11:41:56.227,349.819273,348.9289
2024-06-01 11:41:56.739,370.849748,370.28607
2024-06-01 11:41:57.251,370.849748,370.28607
2024-06-01 11:41:57.763,370.849748,370.28607
2024-06-01 11:41:58.275,370.849748,370.28607
2024-06-01 11:41:58.787,360.334511,359.60742
2024-06-01 11:41:59.299,360.334511,359.60742
2024-06-01 11:41:59.811,360.334511,359.60742
2024-06-01 11:42:00.323,360.334511,359.60742
2024-06-01 11:42:00.835,360.334511,359.60742
2024-06-01 11:42:01.347,360.334511,359.60742
2024-06-01 11:42:01.859,360.334511,359.60742
2024-06-01 11:42:02.371,360.334511,359.60742
2024-06-01 11:42:02.883,349.819273,348.9289
2024-06-01 11:42:03.395,349.819273,348.9289
2024-06-01 11:42:03.907,349.819273,348.9289
2024-06-01 11:42:04.419,349.819273,348.9289
2024-06-01 11:42:04.931,349.819273,348.9289
2024-06-01 11:42:05.443,349.819273,348.9289
2024-06-01 11:42:05.955,349.819273,348.9289
2024-06-01 11:42:06.467,349.819273,348.9289
2024-06-01 11:42:06.979,360.334511,359.60742
2024-06-01 11:42:07.491,360.334511,359.60742
2024-06-01 11:42:08.003,360.334511,359.60742
2024-06-01 11:42:08.515,360.334511,359.60742
2024-06-01 11:42:09.027,349.819273,348.9289
2024-06-01 11:42:09.539,349.819273,348.9289
2024-06-01 11:42:10.051,349.819273,348.92886
2024-06-01 11:42:10.563,349.819273,348.92886
2024-06-01 11:42:11.074,360.334511,359.60742
2024-06-01 11:42:11.586,360.334511,359.60742
2024-06-01 11:42:12.098,360.334511,359.60742
2024-06-01 11:42:12.610,360.334511,359.60742
2024-06-01 11:42:13.122,349.819273,348.9289
2024-06-01 11:42:13.634,349.819273,348.9289
2024-06-01 11:42:14.146,349.819273,348.9289
2024-06-01 11:42:14.658,349.819273,348.9289
2024-06-01 11:42:15.170,349.819273,348.9289
2024-06-01 11:42:15.682,349.819273,348.9289
2024-06-01 11:42:16.194,349.819273,348.9289
2024-06-01 11:42:16.706,349.819273,348.9289
2024-06-01 11:42:17.218,370.849748,370.28607
2024-06-01 11:42:17.730,370.849748,370.28607
2024-06-01 11:42:18.242,370.849748,370.28607
2024-06-01 11:42:18.754,370.849748,370.28607
2024-06-01 11:42:19.266,349.819273,348.9289
2024-06-01 11:42:19.778,349.819273,348.9289
2024-06-01 11:42:20.290,349.819273,348.9289
2024-06-01 11:42:20.802,349.819273,348.9289
2024-06-01 11:42:21.314,370.849748,370.28607
2024-06-01 11:42:21.826,370.849748,370.28607
2024-06-01 11:42:22.338,370.849748,370.28607
2024-06-01 11:42:22.850,370.849748,370.28607
2024-06-01 11:42:23.362,349.819273,348.9289
2024-06-01 11:42:23.874,349.819273,348.9289
2024-06-01 11:42:24.386,349.819273,348.9289
2024-06-01 11:42:24.898,349.819273,348.9289
2024-06-01 11:42:25.410,349.819273,348.9289
2024-06-01 11:42:25.922,349.819273,348.9289
2024-06-01 11:42:26.434,349.819273,348.92886
2024-06-01 11:42:26.946,349.819273,348.92886
2024-06-01 11:42:27.458,360.334511,359.60742
2024-06-01 11:42:27.970,360.334511,359.60742
2024-06-01 11:42:28.482,360.334511,359.60742
2024-06-01 11:42:28.994,360.334511,359.60742
2024-06-01 11:42:29.506,349.819273,348.9289
2024-06-01 11:42:30.018,349.819273,348.9289
2024-06-01 11:42:30.530,349.819273,348.9289
2024-06-01 11:42:31.042,349.819273,348.9289
2024-06-01 11:42:31.554,360.334511,359.60742
2024-06-01 11:42:32.066,360.334511,359.60742
2024-06-01 11:42:32.578,360.334511,359.60742
2024-06-01 11:42:33.090,360.334511,359.60742
2024-06-01 11:42:33.602,349.819273,348.9289
2024-06-01 11:42:34.114,349.819273,348.9289
2024-06-01 11:42:34.626,349.819273,348.9289
2024-06-01 11:42:35.138,349.819273,348.9289
2024-06-01 11:42:35.650,349.819273,348.9289
2024-06-01 11:42:36.162,349.819273,348.9289
2024-06-01 11:42:36.674,349.819273,348.9289
2024-06-01 11:42:37.186,349.819273,348.9289
2024-06-01 11:42:37.698,349.819273,348.9289
2024-06-01 11:42:38.210,349.819273,348.9289
2024-06-01 11:42:38.722,349.819273,348.9289
2024-06-01 11:42:39.234,349.819273,348.9289
2024-06-01 11:42:39.746,370.849748,370.28607
2024-06-01 11:42:40.258,370.849748,370.28607
2024-06-01 11:42:40.770,370.849748,370.28607
2024-06-01 11:42:41.282,370.849748,370.28607
2024-06-01 11:42:41.794,370.849748,370.28607
2024-06-01 11:42:42.306,370.849748,370.28607
2024-06-01 11:42:42.818,370.849748,370.28604
2024-06-01 11:42:43.330,370.849748,370.28604
2024-06-01 11:42:43.842,349.819273,348.9289
2024-06-01 11:42:44.354,349.819273,348.9289
2024-06-01 11:42:44.866,349.819273,348.9289
2024-06-01 11:42:45.378,349.819273,348.9289
2024-06-01 11:42:45.890,349.819273,348.9289
2024-06-01 11:42:46.402,349.819273,348.9289
2024-06-01 11:42:46.914,349.819273,348.9289
2024-06-01 11:42:47.426,349.819273,348.9289
2024-06-01 11:42:47.938,349.819273,348.9289
2024-06-01 11:42:48.450,349.819273,348.9289
2024-06-01 11:42:48.962,349.819273,348.9289
2024-06-01 11:42:49.474,349.819273,348.9289
2024-06-01 11:42:49.986,360.334511,359.60742
2024-06-01 11:42:50.498,360.334511,359.60742
2024-06-01 11:42:51.010,360.334511,359.60742
2024-06-01 11:42:51.522,360.334511,359.60742
2024-06-01 11:42:52.034,360.334511,359.60742
2024-06-01 11:42:52.546,360.334511,359.60742
2024-06-01 11:42:53.058,360.334511,359.60742
2024-06-01 11:42:53.570,360.334511,359.60742
2024-06-01 11:42:54.082,360.334511,359.60742
2024-06-01 11:42:54.594,360.334511,359.60742
2024-06-01 11:42:55.106,360.334511,359.60742
2024-06-01 11:42:55.618,360.334511,359.60742
2024-06-01 11:42:56.130,370.849748,370.28607
2024-06-01 11:42:56.642,370.849748,370.28607
2024-06-01 11:42:57.154,370.849748,370.28607
2024-06-01 11:42:57.666,370.849748,370.28607
2024-06-01 11:42:58.178,360.334511,359.60742
2024-06-01 11:42:58.690,360.334511,359.60742
2024-06-01 11:42:59.202,360.334511,359.60742
2024-06-01 11:42:59.714,360.334511,359.60742
2024-06-01 11:43:00.226,360.334511,359.60742
2024-06-01 11:43:00.738,360.334511,359.60742
2024-06-01 11:43:01.250,360.334511,359.60742
2024-06-01 11:43:01.762,360.334511,359.60742
2024-06-01 11:43:02.274,360.334511,359.60742
2024-06-01 11:43:02.786,360.334511,359.60742
2024-06-01 11:43:03.298,360.334511,359.60742
2024-06-01 11:43:03.810,360.334511,359.60742
2024-06-01 11:43:04.322,349.819273,348.9289
2024-06-01 11:43:04.834,349.819273,348.9289
2024-06-01 11:43:05.346,349.819273,348.9289
2024-06-01 11:43:05.858,349.819273,348.9289
2024-06-01 11:43:06.370,349.819273,348.9289
2024-06-01 11:43:06.882,349.819273,348.9289
2024-06-01 11:43:07.394,349.819273,348.9289
2024-06-01 11:43:07.906,349.819273,348.9289
2024-06-01 11:43:08.418,370.849748,370.28607
2024-06-01 11:43:08.930,370.849748,370.28607
2024-06-01 11:43:09.442,370.849748,370.28607
2024-06-01 11:43:09.954,370.849748,370.28607
2024-06-01 11:43:10.466,339.304035,338.25027
2024-06-01 11:43:10.978,338.717635,338.25027
2024-06-01 11:43:11.490,338.717635,338.25027
2024-06-01 11:43:12.002,338.717635,338.25027
2024-06-01 11:43:12.514,359.711764,359.60742
2024-06-01 11:43:13.026,360.334511,359.60742
2024-06-01 11:43:13.538,360.334511,359.60742
2024-06-01 11:43:14.050,360.334511,359.60742
2024-06-01 11:43:14.562,360.334511,359.60742
2024-06-01 11:43:15.074,360.334511,359.60742
2024-06-01 11:43:15.586,360.334511,359.60742
2024-06-01 11:43:16.098,360.334511,359.60742
2024-06-01 11:43:16.610,360.334511,359.60742
2024-06-01 11:43:17.122,360.334511,359.60742
2024-06-01 11:43:17.634,360.334511,359.60742
2024-06-01 11:43:18.146,360.334511,359.60742
2024-06-01 11:43:18.658,360.334511,359.60742
2024-06-01 11:43:19.170,360.334511,359.60742
2024-06-01 11:43:19.682,360.334511,359.60742
2024-06-01 11:43:20.194,360.334511,359.60742
2024-06-01 11:43:20.706,360.334511,359.60742
2024-06-01 11:43:21.218,360.334511,359.60742
2024-06-01 11:43:21.730,360.334511,359.60742
2024-06-01 11:43:22.242,360.334511,359.60742
2024-06-01 11:43:22.754,360.334511,359.60742
2024-06-01 11:43:23.266,360.334511,359.60742
2024-06-01 11:43:23.778,360.334511,359.60742
2024-06-01 11:43:24.290,360.334511,359.60742
2024-06-01 11:43:24.802,360.334511,359.60742
2024-06-01 11:43:25.314,360.334511,359.60742
2024-06-01 11:43:25.826,360.334511,359.60742
2024-06-01 11:43:26.338,360.334511,359.60742
2024-06-01 11:43:26.850,339.304035,338.25027
2024-06-01 11:43:27.362,339.304035,338.25027
2024-06-01 11:43:27.874,339.304035,338.25027
2024-06-01 11:43:28.386,339.304035,338.25027
2024-06-01 11:43:28.898,360.334511,359.60742
2024-06-01 11:43:29.410,360.334511,359.60742
2024-06-01 11:43:29.922,360.334511,359.60742
2024-06-01 11:43:30.434,360.334511,359.60742
2024-06-01 11:43:30.946,349.819273,348.9289
2024-06-01 11:43:31.458,349.819273,348.9289
2024-06-01 11:43:31.970,349.819273,348.92886
2024-06-01 11:43:32.482,349.819273,348.92886
2024-06-01 11:43:32.994,370.849748,370.28607
2024-06-01 11:43:33.506,370.849748,370.28607
2024-06-01 11:43:34.018,370.849748,370.28607
2024-06-01 11:43:34.530,370.849748,370.28607
2024-06-01 11:43:35.042,349.819273,348.9289
2024-06-01 11:43:35.554,349.819273,348.9289
2024-06-01 11:43:36.066,349.819273,348.9289
2024-06-01 11:43:36.578,349.819273,348.9289
2024-06-01 11:43:37.090,360.334511,359.60742
2024-06-01 11:43:37.602,360.334511,359.60742
2024-06-01 11:43:38.114,360.334511,359.60742
2024-06-01 11:43:38.626,360.334511,359.60742
2024-06-01 11:43:39.138,412.910699,413.0004
2024-06-01 11:43:39.650,412.910699,413.0004
2024-06-01 11:43:40.162,412.910699,413.0004
2024-06-01 11:43:40.674,412.910699,413.0004
2024-06-01 11:43:41.186,349.819273,348.9289
2024-06-01 11:43:41.698,349.819273,348.9289
2024-06-01 11:43:42.210,349.819273,348.9289
2024-06-01 11:43:42.722,349.819273,348.9289
2024-06-01 11:43:43.233,349.819273,348.9289
2024-06-01 11:43:43.745,349.819273,348.9289
2024-06-01 11:43:44.257,349.819273,348.9289
2024-06-01 11:43:44.769,349.819273,348.9289
2024-06-01 11:43:45.281,349.819273,348.9289
2024-06-01 11:43:45.793,349.819273,348.9289
2024-06-01 11:43:46.305,349.819273,348.9289
2024-06-01 11:43:46.817,349.819273,348.9289
2024-06-01 11:43:47.329,349.819273,348.9289
2024-06-01 11:43:47.841,349.819273,348.9289
2024-06-01 11:43:48.353,349.819273,348.92886
2024-06-01 11:43:48.865,349.819273,348.92886
2024-06-01 11:43:49.377,370.849748,370.28607
2024-06-01 11:43:49.889,370.849748,370.28607
2024-06-01 11:43:50.401,370.849748,370.28607
2024-06-01 11:43:50.913,370.849748,370.28607
2024-06-01 11:43:51.425,360.334511,359.60742
2024-06-01 11:43:51.937,360.334511,359.60742
2024-06-01 11:43:52.449,360.334511,359.60742
2024-06-01 11:43:52.961,360.334511,359.60742
2024-06-01 11:43:53.473,360.334511,359.60742
2024-06-01 11:43:53.985,360.334511,359.60742
2024-06-01 11:43:54.497,360.334511,359.60742
2024-06-01 11:43:55.009,360.334511,359.60742
2024-06-01 11:43:55.521,349.819273,348.9289
2024-06-01 11:43:56.033,349.819273,348.9289
2024-06-01 11:43:56.545,349.819273,348.9289
2024-06-01 11:43:57.057,349.819273,348.9289
2024-06-01 11:43:57.569,381.364986,380.96463
2024-06-01 11:43:58.081,381.364986,380.96463
2024-06-01 11:43:58.593,381.364986,380.96463
2024-06-01 11:43:59.105,381.364986,380.96463
2024-06-01 11:43:59.617,370.849748,370.28607
2024-06-01 11:44:00.129,370.849748,370.28607
2024-06-01 11:44:00.641,370.849748,370.28607
2024-06-01 11:44:01.153,370.849748,370.28607
2024-06-01 11:44:01.665,349.819273,348.9289
2024-06-01 11:44:02.177,349.819273,348.9289
2024-06-01 11:44:02.689,349.819273,348.9289
2024-06-01 11:44:03.201,349.819273,348.9289
2024-06-01 11:44:03.713,360.334511,359.60742
2024-06-01 11:44:04.225,360.334511,359.60742
2024-06-01 11:44:04.737,360.334511,359.60742
2024-06-01 11:44:05.249,360.334511,359.60742
2024-06-01 11:44:05.761,349.819273,348.9289
2024-06-01 11:44:06.273,349.819273,348.9289
2024-06-01 11:44:06.785,349.819273,348.9289
2024-06-01 11:44:07.297,349.819273,348.9289
2024-06-01 11:44:07.809,318.27356,316.8931
2024-06-01 11:44:08.321,318.27356,316.8931
2024-06-01 11:44:08.833,318.27356,316.8931
2024-06-01 11:44:09.345,318.27356,316.8931
2024-06-01 11:44:09.857,328.788798,327.5717
2024-06-01 11:44:10.369,328.788798,327.5717
2024-06-01 11:44:10.881,328.788798,327.5717
2024-06-01 11:44:11.393,328.788798,327.5717
2024-06-01 11:44:11.905,318.27356,316.8931
2024-06-01 11:44:12.417,317.723506,316.8931
2024-06-01 11:44:12.929,317.723506,316.8931
2024-06-01 11:44:13.441,317.723506,316.8931
2024-06-01 11:44:13.953,328.22057,327.5717
2024-06-01 11:44:14.465,328.788798,327.5717
2024-06-01 11:44:14.977,328.788798,327.5717
2024-06-01 11:44:15.489,328.788798,327.5717
2024-06-01 11:44:16.001,318.27356,316.8931
2024-06-01 11:44:16.513,318.27356,316.8931
2024-06-01 11:44:17.025,318.27356,316.8931
2024-06-01 11:44:17.537,318.27356,316.8931
2024-06-01 11:44:18.049,318.27356,316.8931
2024-06-01 11:44:18.561,318.27356,316.8931
2024-06-01 11:44:19.073,318.27356,316.8931
2024-06-01 11:44:19.585,318.27356,316.8931
2024-06-01 11:44:20.097,328.788798,327.5717
2024-06-01 11:44:20.609,328.788798,327.5717
2024-06-01 11:44:21.121,328.788798,327.57166
2024-06-01 11:44:21.633,328.788798,327.57166
2024-06-01 11:44:22.145,328.788798,327.5717
2024-06-01 11:44:22.657,328.788798,327.5717
2024-06-01 11:44:23.169,328.788798,327.5717
2024-06-01 11:44:23.681,328.788798,327.5717
2024-06-01 11:44:24.193,328.788798,327.5717
2024-06-01 11:44:24.705,328.788798,327.5717
2024-06-01 11:44:25.217,328.788798,327.5717
2024-06-01 11:44:25.729,328.788798,327.5717
2024-06-01 11:44:26.241,318.27356,316.8931
2024-06-01 11:44:26.753,318.27356,316.8931
2024-06-01 11:44:27.265,318.27356,316.8931
2024-06-01 11:44:27.777,318.27356,316.8931
2024-06-01 11:44:28.289,328.788798,327.5717
2024-06-01 11:44:28.801,328.788798,327.5717
2024-06-01 11:44:29.313,328.788798,327.5717
2024-06-01 11:44:29.825,328.788798,327.5717
2024-06-01 11:44:30.337,328.788798,327.5717
2024-06-01 11:44:30.849,328.788798,327.5717
2024-06-01 11:44:31.361,328.788798,328.37805
2024-06-01 11:44:31.873,328.788798,328.37805
2024-06-01 11:44:32.385,318.27356,317.69952
2024-06-01 11:44:32.897,318.27356,317.69952
2024-06-01 11:44:33.409,318.27356,317.69952
2024-06-01 11:44:33.921,318.27356,317.69952
2024-06-01 11:44:34.433,318.27356,317.69952
2024-06-01 11:44:34.945,318.27356,317.69952
2024-06-01 11:44:35.457,318.27356,317.69952
2024-06-01 11:44:35.969,318.27356,317.69952
2024-06-01 11:44:36.481,307.758322,307.02094
2024-06-01 11:44:36.993,307.758322,307.02094
2024-06-01 11:44:37.505,307.758322,307.02094
2024-06-01 11:44:38.017,307.758322,307.02094
2024-06-01 11:44:38.529,328.788798,328.37805
2024-06-01 11:44:39.041,328.788798,328.37805
2024-06-01 11:44:39.553,328.788798,328.37805
2024-06-01 11:44:40.065,328.788798,328.37805
2024-06-01 11:44:40.577,328.788798,328.37805
2024-06-01 11:44:41.089,328.788798,328.37805
2024-06-01 11:44:41.601,328.788798,328.37805
2024-06-01 11:44:42.113,328.788798,328.37805
2024-06-01 11:44:42.625,318.27356,317.69952
2024-06-01 11:44:43.137,318.27356,317.69952
2024-06-01 11:44:43.649,318.27356,317.69952
2024-06-01 11:44:44.161,318.27356,317.69952
2024-06-01 11:44:44.673,339.304035,339.0567
2024-06-01 11:44:45.185,339.304035,339.0567
2024-06-01 11:44:45.697,339.304035,339.0567
2024-06-01 11:44:46.209,339.304035,339.0567
2024-06-01 11:44:46.721,328.788798,328.37805
2024-06-01 11:44:47.233,328.22057,328.37805
2024-06-01 11:44:47.745,328.22057,328.37805
2024-06-01 11:44:48.257,328.22057,328.37805
2024-06-01 11:44:48.769,359.711764,360.41382
2024-06-01 11:44:49.281,359.711764,360.41382
2024-06-01 11:44:49.793,359.711764,360.41382
2024-06-01 11:44:50.305,359.711764,360.41382
2024-06-01 11:44:50.817,349.2147,349.7353
2024-06-01 11:44:51.329,349.2147,349.7353
2024-06-01 11:44:51.841,349.2147,349.7353
2024-06-01 11:44:52.353,349.2147,349.7353
2024-06-01 11:44:52.865,349.2147,349.7353
2024-06-01 11:44:53.377,349.2147,349.7353
2024-06-01 11:44:53.889,349.2147,349.7353
2024-06-01 11:44:54.401,349.2147,349.7353
2024-06-01 11:44:54.913,349.2147,349.7353
2024-06-01 11:44:55.425,349.2147,349.7353
2024-06-01 11:44:55.937,349.2147,349.7353
2024-06-01 11:44:56.449,349.2147,349.7353
2024-06-01 11:44:56.961,338.717635,339.0567
2024-06-01 11:44:57.473,338.717635,339.0567
2024-06-01 11:44:57.985,338.717635,339.0567
2024-06-01 11:44:58.497,338.717635,339.0567
2024-06-01 11:44:59.009,349.2147,349.7353
2024-06-01 11:44:59.521,349.2147,349.7353
2024-06-01 11:45:00.033,349.2147,349.7353
2024-06-01 11:45:00.545,349.2147,349.7353
2024-06-01 11:45:01.057,359.711764,360.41382
2024-06-01 11:45:01.569,360.334511,360.41382
2024-06-01 11:45:02.081,360.334511,360.41382
2024-06-01 11:45:02.593,360.334511,360.41382
2024-06-01 11:45:03.105,339.304035,339.0567
2024-06-01 11:45:03.617,338.717635,339.0567
2024-06-01 11:45:04.129,338.717635,339.0567
2024-06-01 11:45:04.641,338.717635,339.0567
2024-06-01 11:45:05.153,338.717635,339.0567
2024-06-01 11:45:05.665,338.717635,339.0567
2024-06-01 11:45:06.177,338.717635,339.0567
2024-06-01 11:45:06.689,338.717635,339.0567
2024-06-01 11:45:07.201,328.22057,328.37805
2024-06-01 11:45:07.713,328.22057,328.37805
2024-06-01 11:45:08.225,328.22057,328.37805
2024-06-01 11:45:08.737,328.22057,328.37805
2024-06-01 11:45:09.249,338.717635,339.0567
2024-06-01 11:45:09.761,338.717635,339.0567
2024-06-01 11:45:10.273,338.717635,339.0567
2024-06-01 11:45:10.785,338.717635,339.0567
2024-06-01 11:45:11.297,338.717635,339.0567
2024-06-01 11:45:11.809,339.304035,339.0567
2024-06-01 11:45:12.321,339.304035,339.0567
2024-06-01 11:45:12.833,339.304035,339.0567
2024-06-01 11:45:13.345,339.304035,339.0567
2024-06-01 11:45:13.857,338.717635,339.0567
2024-06-01 11:45:14.369,338.717635,339.0567
2024-06-01 11:45:14.881,338.717635,339.0567
2024-06-01 11:45:15.393,338.717635,339.0567
2024-06-01 11:45:15.904,338.717635,339.0567
2024-06-01 11:45:16.416,338.717635,339.0567
2024-06-01 11:45:16.928,338.717635,339.0567
2024-06-01 11:45:17.440,338.717635,339.0567
2024-06-01 11:45:17.952,338.717635,339.0567
2024-06-01 11:45:18.464,338.717635,339.0567
2024-06-01 11:45:18.976,338.717635,339.0567
2024-06-01 11:45:19.488,338.717635,339.0567
2024-06-01 11:45:20.000,338.717635,339.0567
2024-06-01 11:45:20.512,338.717635,339.0567
2024-06-01 11:45:21.024,338.717635,339.0567
2024-06-01 11:45:21.536,338.717635,339.0567
2024-06-01 11:45:22.048,338.717635,339.0567
2024-06-01 11:45:22.560,338.717635,339.0567
2024-06-01 11:45:23.072,338.717635,339.0567
2024-06-01 11:45:23.584,338.717635,339.0567
2024-06-01 11:45:24.096,338.131235,339.0567
2024-06-01 11:45:24.608,338.131235,339.0567
2024-06-01 11:45:25.120,338.131235,339.0567
2024-06-01 11:45:25.632,327.652343,328.37805
2024-06-01 11:45:26.144,327.652343,328.37805
2024-06-01 11:45:26.656,327.652343,328.37805
2024-06-01 11:45:27.168,327.652343,328.37805
2024-06-01 11:45:27.680,380.046802,381.77103
2024-06-01 11:45:28.192,380.046802,374.55603
2024-06-01 11:45:28.704,380.046802,374.55603
2024-06-01 11:45:29.216,380.046802,381.77103
2024-06-01 11:45:29.728,369.56791,371.09244
2024-06-01 11:45:30.240,370.208829,371.09244
2024-06-01 11:45:30.752,370.208829,371.09244
2024-06-01 11:45:31.264,370.208829,371.09244
2024-06-01 11:45:31.776,370.208829,371.09244
2024-06-01 11:45:32.288,369.56791,368.68744
2024-06-01 11:45:32.800,369.56791,368.68744
2024-06-01 11:45:33.312,369.56791,371.09244
2024-06-01 11:45:33.824,359.089018,360.41382
2024-06-01 11:45:34.336,359.089018,356.80637
2024-06-01 11:45:34.848,359.089018,356.80637
2024-06-01 11:45:35.360,359.089018,360.41382
2024-06-01 11:45:35.872,380.046802,381.77103
2024-06-01 11:45:36.384,380.705894,381.77103
2024-06-01 11:45:36.896,380.705894,380.96463
2024-06-01 11:45:37.408,380.705894,380.96463
2024-06-01 11:45:37.920,380.705894,380.96463
2024-06-01 11:45:38.432,380.705894,380.96463
2024-06-01 11:45:38.944,380.705894,380.96463
2024-06-01 11:45:39.456,380.705894,380.96463
2024-06-01 11:45:39.968,370.208829,370.28607
2024-06-01 11:45:40.480,370.208829,370.28607
2024-06-01 11:45:40.992,370.208829,370.28607
2024-06-01 11:45:41.504,370.208829,370.28607
2024-06-01 11:45:42.016,380.705894,380.96463
2024-06-01 11:45:42.528,380.705894,380.96463
2024-06-01 11:45:43.040,380.705894,380.9646
2024-06-01 11:45:43.552,380.705894,380.9646
2024-06-01 11:45:44.064,359.711764,359.60742
2024-06-01 11:45:44.576,359.089018,355.99994
2024-06-01 11:45:45.088,359.089018,355.99994
2024-06-01 11:45:45.600,359.089018,359.60742
2024-06-01 11:45:46.112,369.56791,370.28607
2024-06-01 11:45:46.624,369.56791,370.28607
2024-06-01 11:45:47.136,369.56791,370.28607
2024-06-01 11:45:47.648,369.56791,367.88104
2024-06-01 11:45:48.160,369.56791,367.88104
2024-06-01 11:45:48.672,370.208829,370.28607
2024-06-01 11:45:49.184,370.208829,370.28607
2024-06-01 11:45:49.696,370.208829,370.28607
2024-06-01 11:45:50.208,401.700023,402.32184
2024-06-01 11:45:50.720,401.700023,402.32184
2024-06-01 11:45:51.232,401.700023,402.32184
2024-06-01 11:45:51.744,401.700023,402.32184
2024-06-01 11:45:52.256,391.202959,391.64322
2024-06-01 11:45:52.768,391.202959,391.64322
2024-06-01 11:45:53.280,391.202959,391.64322
2024-06-01 11:45:53.792,391.202959,391.64322
2024-06-01 11:45:54.304,391.202959,391.64322
2024-06-01 11:45:54.816,391.202959,391.64322
2024-06-01 11:45:55.328,391.202959,391.64322
2024-06-01 11:45:55.840,391.202959,391.64322
2024-06-01 11:45:56.352,401.700023,402.32184
2024-06-01 11:45:56.864,401.700023,402.32184
2024-06-01 11:45:57.376,401.700023,402.32184
2024-06-01 11:45:57.888,401.700023,402.32184
2024-06-01 11:45:58.400,412.197088,413.0004
2024-06-01 11:45:58.912,412.197088,413.0004
2024-06-01 11:45:59.424,412.197088,413.00037
2024-06-01 11:45:59.936,412.197088,413.00037
2024-06-01 11:46:00.448,433.191218,434.14185
2024-06-01 11:46:00.960,433.191218,434.14185
2024-06-01 11:46:01.472,433.191218,434.14185
2024-06-01 11:46:01.984,433.191218,434.14185
2024-06-01 11:46:02.496,401.700023,402.32184
2024-06-01 11:46:03.008,401.700023,402.32184
2024-06-01 11:46:03.520,401.700023,402.32184
2024-06-01 11:46:04.032,401.700023,402.32184
2024-06-01 11:46:04.544,391.202959,391.64322
2024-06-01 11:46:05.056,391.202959,391.64322
2024-06-01 11:46:05.568,391.202959,391.64322
2024-06-01 11:46:06.080,391.202959,391.64322
2024-06-01 11:46:06.592,401.700023,402.32184
2024-06-01 11:46:07.104,401.700023,402.32184
2024-06-01 11:46:07.616,401.700023,402.32184
2024-06-01 11:46:08.128,401.700023,402.32184
2024-06-01 11:46:08.640,401.700023,402.32184
2024-06-01 11:46:09.152,401.700023,402.32184
2024-06-01 11:46:09.664,401.700023,401.51544
2024-06-01 11:46:10.176,401.700023,401.51544
2024-06-01 11:46:10.688,401.700023,401.51544
2024-06-01 11:46:11.200,401.700023,401.51544
2024-06-01 11:46:11.712,401.700023,401.51544
2024-06-01 11:46:12.224,401.700023,401.51544
2024-06-01 11:46:12.736,401.700023,401.51544
2024-06-01 11:46:13.248,401.700023,401.51544
2024-06-01 11:46:13.760,401.700023,401.51544
2024-06-01 11:46:14.272,401.700023,401.51544
2024-06-01 11:46:14.784,401.700023,401.51544
2024-06-01 11:46:15.296,401.700023,401.51544
2024-06-01 11:46:15.808,401.700023,401.51544
2024-06-01 11:46:16.320,401.700023,401.51544
2024-06-01 11:46:16.832,412.197088,412.19397
2024-06-01 11:46:17.344,412.197088,408.5865
2024-06-01 11:46:17.856,412.197088,408.5865
2024-06-01 11:46:18.368,412.197088,412.19397
2024-06-01 11:46:18.880,412.197088,412.19397
2024-06-01 11:46:19.392,412.197088,412.19397
2024-06-01 11:46:19.904,412.197088,412.19397
2024-06-01 11:46:20.416,412.197088,412.19397
2024-06-01 11:46:20.928,422.694153,422.9828
2024-06-01 11:46:21.440,421.962369,422.9828
2024-06-01 11:46:21.952,421.962369,422.9828
2024-06-01 11:46:22.464,421.962369,422.9828
2024-06-01 11:46:22.976,432.441261,439.6491
2024-06-01 11:46:23.488,433.191218,439.6491
2024-06-01 11:46:24.000,433.191218,439.6491
2024-06-01 11:46:24.512,433.191218,439.6491
2024-06-01 11:46:25.024,443.688282,448.5359
2024-06-01 11:46:25.536,443.688282,448.5359
2024-06-01 11:46:26.048,443.688282,448.5359
2024-06-01 11:46:26.560,443.688282,448.5359
2024-06-01 11:46:27.072,464.682412,466.3094
2024-06-01 11:46:27.584,464.682412,466.3094
2024-06-01 11:46:28.096,464.682412,466.3094
2024-06-01 11:46:28.608,464.682412,466.3094
2024-06-01 11:46:29.120,433.191218,439.6491
2024-06-01 11:46:29.632,433.191218,439.6491
2024-06-01 11:46:30.144,433.191218,439.6491
2024-06-01 11:46:30.656,433.191218,439.6491
2024-06-01 11:46:31.168,443.688282,448.5359
2024-06-01 11:46:31.680,443.688282,448.5359
2024-06-01 11:46:32.192,443.688282,448.53592
2024-06-01 11:46:32.704,443.688282,448.53592
2024-06-01 11:46:33.216,443.688282,448.5359
2024-06-01 11:46:33.728,443.688282,448.5359
2024-06-01 11:46:34.240,443.688282,448.5359
2024-06-01 11:46:34.752,443.688282,448.5359
2024-06-01 11:46:35.264,433.191218,439.6491
2024-06-01 11:46:35.776,433.191218,439.6491
2024-06-01 11:46:36.288,433.191218,439.6491
2024-06-01 11:46:36.800,433.191218,439.6491
2024-06-01 11:46:37.312,454.185347,457.42267
2024-06-01 11:46:37.824,454.185347,457.42267
2024-06-01 11:46:38.336,454.185347,457.42267
2024-06-01 11:46:38.848,454.185347,457.42267
2024-06-01 11:46:39.360,443.688282,448.5359
2024-06-01 11:46:39.872,443.688282,448.5359
2024-06-01 11:46:40.384,443.688282,448.5359
2024-06-01 11:46:40.896,443.688282,448.5359
2024-06-01 11:46:41.408,464.682412,466.3094
2024-06-01 11:46:41.920,464.682412,466.3094
2024-06-01 11:46:42.432,464.682412,463.18
2024-06-01 11:46:42.944,464.682412,463.18
2024-06-01 11:46:43.456,443.688282,445.4064
2024-06-01 11:46:43.968,443.688282,445.4064
2024-06-01 11:46:44.480,443.688282,445.4064
2024-06-01 11:46:44.992,443.688282,445.4064
2024-06-01 11:46:45.504,433.191218,436.51962
2024-06-01 11:46:46.016,433.191218,436.51962
2024-06-01 11:46:46.528,433.191218,436.51962
2024-06-01 11:46:47.040,433.191218,436.51962
2024-06-01 11:46:47.552,433.191218,436.51962
2024-06-01 11:46:48.063,433.191218,436.51962
2024-06-01 11:46:48.575,433.191218,436.51965
2024-06-01 11:46:49.087,433.191218,436.51965
2024-06-01 11:46:49.599,443.688282,445.4064
2024-06-01 11:46:50.111,443.688282,445.4064
2024-06-01 11:46:50.623,443.688282,445.4064
2024-06-01 11:46:51.135,443.688282,445.4064
2024-06-01 11:46:51.647,464.682412,463.18
2024-06-01 11:46:52.159,464.682412,463.18
2024-06-01 11:46:52.671,464.682412,463.18
2024-06-01 11:46:53.183,464.682412,463.18
2024-06-01 11:46:53.695,422.694153,427.63287
2024-06-01 11:46:54.207,422.694153,427.63287
2024-06-01 11:46:54.719,422.694153,427.63287
2024-06-01 11:46:55.231,422.694153,427.63287
2024-06-01 11:46:55.743,433.191218,436.51962
2024-06-01 11:46:56.255,433.191218,436.51962
2024-06-01 11:46:56.767,433.191218,436.51962
2024-06-01 11:46:57.279,433.191218,436.51962
2024-06-01 11:46:57.791,433.191218,436.51962
2024-06-01 11:46:58.303,433.191218,436.51962
2024-06-01 11:46:58.815,433.191218,436.51962
2024-06-01 11:46:59.327,433.191218,436.51962
2024-06-01 11:46:59.839,464.682412,463.18
2024-06-01 11:47:00.351,464.682412,463.18
2024-06-01 11:47:00.863,464.682412,463.18
2024-06-01 11:47:01.375,464.682412,463.18
2024-06-01 11:47:01.887,454.185347,454.29318
2024-06-01 11:47:02.399,454.185347,454.29318
2024-06-01 11:47:02.911,454.185347,454.29318
2024-06-01 11:47:03.423,454.185347,454.29318
2024-06-01 11:47:03.935,433.191218,436.51962
2024-06-01 11:47:04.447,433.191218,436.51962
2024-06-01 11:47:04.959,433.191218,436.51965
2024-06-01 11:47:05.471,433.191218,436.51965
2024-06-01 11:47:05.983,422.694153,427.63287
2024-06-01 11:47:06.495,422.694153,427.63287
2024-06-01 11:47:07.007,422.694153,427.63287
2024-06-01 11:47:07.519,422.694153,427.63287
2024-06-01 11:47:08.031,443.688282,445.4064
2024-06-01 11:47:08.543,443.688282,445.4064
2024-06-01 11:47:09.055,443.688282,445.4064
2024-06-01 11:47:09.567,443.688282,445.4064
2024-06-01 11:47:10.079,454.185347,454.29318
2024-06-01 11:47:10.591,454.185347,454.29318
2024-06-01 11:47:11.103,454.185347,454.29318
2024-06-01 11:47:11.615,454.185347,454.29318
2024-06-01 11:47:12.127,454.185347,454.29318
2024-06-01 11:47:12.639,454.185347,454.29318
2024-06-01 11:47:13.151,454.185347,454.29318
2024-06-01 11:47:13.663,454.185347,454.29318
2024-06-01 11:47:14.175,433.191218,436.51962
2024-06-01 11:47:14.687,433.191218,436.51962
2024-06-01 11:47:15.199,433.191218,436.51962
2024-06-01 11:47:15.711,433.191218,436.51962
2024-06-01 11:47:16.223,433.191218,436.51962
2024-06-01 11:47:16.735,433.191218,436.51962
2024-06-01 11:47:17.247,433.191218,436.51962
2024-06-01 11:47:17.759,433.191218,436.51962
2024-06-01 11:47:18.271,443.688282,445.4064
2024-06-01 11:47:18.783,443.688282,445.4064
2024-06-01 11:47:19.295,443.688282,445.4064
2024-06-01 11:47:19.807,443.688282,445.4064
2024-06-01 11:47:20.319,454.185347,454.29318
2024-06-01 11:47:20.831,454.185347,454.29318
2024-06-01 11:47:21.343,454.185347,454.2932
2024-06-01 11:47:21.855,454.185347,454.2932
2024-06-01 11:47:22.367,454.185347,454.29318
2024-06-01 11:47:22.879,454.185347,454.29318
2024-06-01 11:47:23.391,454.185347,454.29318
2024-06-01 11:47:23.903,454.185347,454.29318
2024-06-01 11:47:24.415,433.191218,436.51962
2024-06-01 11:47:24.927,433.191218,436.51962
2024-06-01 11:47:25.439,433.191218,436.51962
2024-06-01 11:47:25.951,433.191218,436.51962
2024-06-01 11:47:26.463,443.688282,445.4064
2024-06-01 11:47:26.975,443.688282,445.4064
2024-06-01 11:47:27.487,443.688282,445.4064
2024-06-01 11:47:27.999,443.688282,445.4064
2024-06-01 11:47:28.511,443.688282,445.4064
2024-06-01 11:47:29.023,443.688282,445.4064
2024-06-01 11:47:29.535,443.688282,445.4064
2024-06-01 11:47:30.047,443.688282,445.4064
2024-06-01 11:47:30.559,433.191218,436.51962
2024-06-01 11:47:31.071,433.191218,436.51962
2024-06-01 11:47:31.583,433.191218,436.51962
2024-06-01 11:47:32.095,433.191218,436.51962
2024-06-01 11:47:32.607,454.185347,454.29318
2024-06-01 11:47:33.119,454.185347,454.29318
2024-06-01 11:47:33.631,454.185347,454.29318
2024-06-01 11:47:34.143,454.185347,454.29318
2024-06-01 11:47:34.655,433.191218,436.51962
2024-06-01 11:47:35.167,433.191218,436.51962
2024-06-01 11:47:35.679,433.191218,436.51962
2024-06-01 11:47:36.191,433.191218,436.51962
2024-06-01 11:47:36.703,454.185347,454.29318
2024-06-01 11:47:37.215,454.185347,454.29318
2024-06-01 11:47:37.727,454.185347,454.2932
2024-06-01 11:47:38.239,454.185347,454.2932
2024-06-01 11:47:38.751,422.694153,427.63287
2024-06-01 11:47:39.263,422.694153,427.63287
2024-06-01 11:47:39.775,422.694153,427.63287
2024-06-01 11:47:40.287,422.694153,427.63287
2024-06-01 11:47:40.799,422.694153,427.63287
2024-06-01 11:47:41.311,422.694153,427.63287
2024-06-01 11:47:41.823,422.694153,427.63287
2024-06-01 11:47:42.335,422.694153,427.63287
2024-06-01 11:47:42.847,454.185347,454.29318
2024-06-01 11:47:43.359,454.185347,454.29318
2024-06-01 11:47:43.871,454.185347,454.29318
2024-06-01 11:47:44.383,454.185347,454.29318
2024-06-01 11:47:44.895,443.688282,445.4064
2024-06-01 11:47:45.407,443.688282,445.4064
2024-06-01 11:47:45.919,443.688282,445.4064
2024-06-01 11:47:46.431,443.688282,445.4064
2024-06-01 11:47:46.943,433.191218,436.51962
2024-06-01 11:47:47.455,433.191218,436.51962
2024-06-01 11:47:47.967,433.191218,436.51962
2024-06-01 11:47:48.479,433.191218,436.51962
2024-06-01 11:47:48.991,422.694153,427.63287
2024-06-01 11:47:49.503,422.694153,427.63287
2024-06-01 11:47:50.015,422.694153,427.63287
2024-06-01 11:47:50.527,422.694153,427.63287
2024-06-01 11:47:51.039,433.191218,436.51962
2024-06-01 11:47:51.551,433.191218,436.51962
2024-06-01 11:47:52.063,433.191218,436.51962
2024-06-01 11:47:52.575,433.191218,436.51962
2024-06-01 11:47:53.087,443.688282,445.4064
2024-06-01 11:47:53.599,443.688282,445.4064
2024-06-01 11:47:54.111,443.688282,445.40643
2024-06-01 11:47:54.623,443.688282,445.40643
2024-06-01 11:47:55.135,433.191218,436.51962
2024-06-01 11:47:55.647,433.191218,436.51962
2024-06-01 11:47:56.159,433.191218,436.51962
2024-06-01 11:47:56.671,433.191218,436.51962
2024-06-01 11:47:57.183,433.191218,436.51962
2024-06-01 11:47:57.695,433.191218,436.51962
2024-06-01 11:47:58.207,433.191218,436.51962
2024-06-01 11:47:58.719,433.191218,436.51962
2024-06-01 11:47:59.231,433.191218,436.51962
2024-06-01 11:47:59.743,433.191218,436.51962
2024-06-01 11:48:00.255,433.191218,436.51962
2024-06-01 11:48:00.767,433.191218,436.51962
2024-06-01 11:48:01.279,433.191218,436.51962
2024-06-01 11:48:01.791,433.191218,436.51962
2024-06-01 11:48:02.303,433.191218,436.51962
2024-06-01 11:48:02.815,433.191218,436.51962
2024-06-01 11:48:03.327,454.185347,454.29318
2024-06-01 11:48:03.839,454.185347,454.29318
2024-06-01 11:48:04.351,454.185347,454.29318
2024-06-01 11:48:04.863,454.185347,454.29318
2024-06-01 11:48:05.375,433.191218,436.51962
2024-06-01 11:48:05.887,433.191218,436.51962
2024-06-01 11:48:06.399,433.191218,436.51962
2024-06-01 11:48:06.911,433.191218,436.51962
2024-06-01 11:48:07.423,422.694153,427.63287
2024-06-01 11:48:07.935,422.694153,427.63287
2024-06-01 11:48:08.447,422.694153,427.63287
2024-06-01 11:48:08.959,422.694153,427.63287
2024-06-01 11:48:09.471,422.694153,427.63287
2024-06-01 11:48:09.983,422.694153,427.63287
2024-06-01 11:48:10.495,422.694153,427.63287
2024-06-01 11:48:11.007,422.694153,427.63287
2024-06-01 11:48:11.519,422.694153,427.63287
2024-06-01 11:48:12.031,422.694153,427.63287
2024-06-01 11:48:12.543,422.694153,427.63287
2024-06-01 11:48:13.055,422.694153,427.63287
2024-06-01 11:48:13.567,433.191218,436.51962
2024-06-01 11:48:14.079,433.191218,436.51962
2024-06-01 11:48:14.591,433.191218,436.51962
2024-06-01 11:48:15.103,433.191218,436.51962
2024-06-01 11:48:15.615,422.694153,427.63287
2024-06-01 11:48:16.127,422.694153,427.63287
2024-06-01 11:48:16.639,422.694153,427.63287
2024-06-01 11:48:17.151,422.694153,427.63287
2024-06-01 11:48:17.663,433.191218,436.51962
2024-06-01 11:48:18.175,433.191218,436.51962
2024-06-01 11:48:18.687,433.191218,436.51962
2024-06-01 11:48:19.199,433.191218,436.51962
2024-06-01 11:48:19.711,422.694153,427.63287
2024-06-01 11:48:20.223,422.694153,427.63287
2024-06-01 11:48:20.734,422.694153,425.8943
2024-06-01 11:48:21.246,422.694153,425.8943
2024-06-01 11:48:21.758,443.688282,443.66782
2024-06-01 11:48:22.270,443.688282,443.66782
2024-06-01 11:48:22.782,443.688282,443.66782
2024-06-01 11:48:23.294,443.688282,443.66782
2024-06-01 11:48:23.806,464.682412,461.44135
2024-06-01 11:48:24.318,464.682412,461.44135
2024-06-01 11:48:24.830,464.682412,461.44135
2024-06-01 11:48:25.342,464.682412,461.44135
2024-06-01 11:48:25.854,443.688282,443.66782
2024-06-01 11:48:26.366,443.688282,443.66782
2024-06-01 11:48:26.878,443.688282,443.66785
2024-06-01 11:48:27.390,443.688282,443.66785
2024-06-01 11:48:27.902,464.682412,461.44135
2024-06-01 11:48:28.414,464.682412,461.44135
2024-06-01 11:48:28.926,464.682412,461.44135
2024-06-01 11:48:29.438,464.682412,461.44135
2024-06-01 11:48:29.950,464.682412,461.44135
2024-06-01 11:48:30.462,464.682412,461.44135
2024-06-01 11:48:30.974,464.682412,461.44135
2024-06-01 11:48:31.486,464.682412,461.44135
2024-06-01 11:48:31.998,454.185347,452.55457
2024-06-01 11:48:32.510,454.185347,452.55457
2024-06-01 11:48:33.022,454.185347,452.55457
2024-06-01 11:48:33.534,454.185347,452.55457
2024-06-01 11:48:34.046,464.682412,461.44135
2024-06-01 11:48:34.558,464.682412,461.44135
2024-06-01 11:48:35.070,464.682412,461.44135
2024-06-01 11:48:35.582,464.682412,461.44135
2024-06-01 11:48:36.094,454.185347,452.55457
2024-06-01 11:48:36.606,454.185347,452.55457
2024-06-01 11:48:37.118,454.185347,452.55457
2024-06-01 11:48:37.630,454.185347,452.55457
2024-06-01 11:48:38.142,454.185347,452.55457
2024-06-01 11:48:38.654,453.399045,452.55457
2024-06-01 11:48:39.166,453.399045,452.55457
2024-06-01 11:48:39.678,453.399045,451.9541
2024-06-01 11:48:40.190,463.877937,460.84076
2024-06-01 11:48:40.702,463.877937,461.44135
2024-06-01 11:48:41.214,463.877937,461.44135
2024-06-01 11:48:41.726,463.877937,461.44135
2024-06-01 11:48:42.238,474.356828,470.32812
2024-06-01 11:48:42.750,475.179477,470.32812
2024-06-01 11:48:43.262,475.179477,470.32816
2024-06-01 11:48:43.774,475.179477,470.32816
2024-06-01 11:48:44.286,475.179477,470.32812
2024-06-01 11:48:44.798,474.356828,470.32812
2024-06-01 11:48:45.310,474.356828,470.32812
2024-06-01 11:48:45.822,474.356828,470.32812
2024-06-01 11:48:46.334,453.399045,452.55457
2024-06-01 11:48:46.846,453.399045,452.55457
2024-06-01 11:48:47.358,453.399045,452.55457
2024-06-01 11:48:47.870,453.399045,452.55457
2024-06-01 11:48:48.382,463.877937,461.44135
2024-06-01 11:48:48.894,463.877937,461.44135
2024-06-01 11:48:49.406,463.877937,461.44135
2024-06-01 11:48:49.918,463.877937,461.44135
2024-06-01 11:48:50.430,474.356828,470.32812
2024-06-01 11:48:50.942,474.356828,470.32812
2024-06-01 11:48:51.454,474.356828,470.32812
2024-06-01 11:48:51.966,474.356828,470.32812
2024-06-01 11:48:52.478,453.399045,452.55457
2024-06-01 11:48:52.990,453.399045,452.55457
2024-06-01 11:48:53.502,453.399045,452.55457
2024-06-01 11:48:54.014,453.399045,452.55457
2024-06-01 11:48:54.526,432.441261,434.781
2024-06-01 11:48:55.038,432.441261,434.781
2024-06-01 11:48:55.550,432.441261,434.781
2024-06-01 11:48:56.062,432.441261,434.781
2024-06-01 11:48:56.574,432.441261,434.781
2024-06-01 11:48:57.086,432.441261,434.781
2024-06-01 11:48:57.598,432.441261,434.781
2024-06-01 11:48:58.110,432.441261,433.27966
2024-06-01 11:48:58.622,432.441261,433.27966
2024-06-01 11:48:59.134,431.691305,431.22833
2024-06-01 11:48:59.646,431.691305,431.2284
2024-06-01 11:49:00.158,431.691305,430.15186
2024-06-01 11:49:00.670,421.230586,421.38525
2024-06-01 11:49:01.182,420.498802,420.48816
2024-06-01 11:49:01.694,420.498802,420.48816
2024-06-01 11:49:02.206,420.498802,419.23804
2024-06-01 11:49:02.718,410.056256,410.46564
2024-06-01 11:49:03.230,409.342645,410.17273
2024-06-01 11:49:03.742,409.342645,410.17273
2024-06-01 11:49:04.254,409.342645,410.17273
2024-06-01 11:49:04.766,419.767019,419.11462
2024-06-01 11:49:05.278,419.767019,419.11462
2024-06-01 11:49:05.790,419.767019,419.11462
2024-06-01 11:49:06.302,419.767019,419.15576
2024-06-01 11:49:06.814,409.342645,410.21387
2024-06-01 11:49:07.326,409.342645,410.28613
2024-06-01 11:49:07.838,409.342645,410.28613
2024-06-01 11:49:08.350,409.342645,410.46564
2024-06-01 11:49:08.862,409.342645,410.46564
2024-06-01 11:49:09.374,409.342645,410.28613
2024-06-01 11:49:09.886,409.342645,410.28613
2024-06-01 11:49:10.398,409.342645,410.46564
2024-06-01 11:49:10.910,409.342645,410.46564
2024-06-01 11:49:11.422,409.342645,410.46564
2024-06-01 11:49:11.934,409.342645,410.46564
2024-06-01 11:49:12.446,409.342645,410.46564
2024-06-01 11:49:12.958,419.767019,419.23804
2024-06-01 11:49:13.470,419.767019,419.23804
2024-06-01 11:49:13.982,419.767019,419.23804
2024-06-01 11:49:14.494,419.767019,419.77045
2024-06-01 11:49:15.006,419.767019,419.77045
2024-06-01 11:49:15.518,419.767019,419.41162
2024-06-01 11:49:16.030,419.767019,419.41162
2024-06-01 11:49:16.542,419.767019,419.59106
2024-06-01 11:49:17.054,419.767019,419.59106
2024-06-01 11:49:17.566,419.767019,419.59106
2024-06-01 11:49:18.078,419.767019,419.59106
2024-06-01 11:49:18.590,419.767019,419.59106
2024-06-01 11:49:19.102,419.767019,419.59106
2024-06-01 11:49:19.614,420.498802,419.59106
2024-06-01 11:49:20.126,420.498802,419.59106
2024-06-01 11:49:20.638,420.498802,419.59106
2024-06-01 11:49:21.150,420.498802,419.59106
2024-06-01 11:49:21.662,420.498802,419.77045
2024-06-01 11:49:22.174,420.498802,419.77045
2024-06-01 11:49:22.686,420.498802,419.94992
2024-06-01 11:49:23.198,430.941348,428.7165
2024-06-01 11:49:23.710,430.191392,428.35767
2024-06-01 11:49:24.222,430.191392,428.35767
2024-06-01 11:49:24.734,430.191392,428.7165
2024-06-01 11:49:25.246,430.191392,428.7165
2024-06-01 11:49:25.758,430.191392,428.7165
2024-06-01 11:49:26.270,430.191392,428.7165
2024-06-01 11:49:26.782,430.191392,428.53705
2024-06-01 11:49:27.294,430.191392,428.53705
2024-06-01 11:49:27.806,430.941348,428.7165
2024-06-01 11:49:28.318,430.941348,428.7165
2024-06-01 11:49:28.830,430.941348,428.7165
2024-06-01 11:49:29.342,430.941348,428.7165
2024-06-01 11:49:29.854,430.191392,428.35767
2024-06-01 11:49:30.366,430.191392,428.35767
2024-06-01 11:49:30.878,430.191392,428.53705
2024-06-01 11:49:31.390,451.040138,446.18704
2024-06-01 11:49:31.902,451.040138,446.60852
2024-06-01 11:49:32.414,451.040138,446.6085
2024-06-01 11:49:32.926,451.040138,446.4291
2024-06-01 11:49:33.438,430.191392,428.89587
2024-06-01 11:49:33.950,430.191392,428.7165
2024-06-01 11:49:34.462,430.191392,428.7165
2024-06-01 11:49:34.974,430.191392,428.7165
2024-06-01 11:49:35.486,419.767019,419.94992
2024-06-01 11:49:35.998,419.767019,419.94992
2024-06-01 11:49:36.510,419.767019,419.94992
2024-06-01 11:49:37.022,419.767019,420.12933
2024-06-01 11:49:37.534,430.191392,428.89587
2024-06-01 11:49:38.046,430.191392,428.7165
2024-06-01 11:49:38.558,430.191392,428.7165
2024-06-01 11:49:39.070,430.191392,428.89587
2024-06-01 11:49:39.582,419.767019,420.12933
2024-06-01 11:49:40.094,419.767019,420.30872
2024-06-01 11:49:40.606,419.767019,420.30872
2024-06-01 11:49:41.118,419.767019,419.94992
2024-06-01 11:49:41.630,430.191392,428.7165
2024-06-01 11:49:42.142,430.191392,428.89587
2024-06-01 11:49:42.654,430.191392,428.89587
2024-06-01 11:49:43.166,430.191392,428.89587
2024-06-01 11:49:43.678,419.767019,420.12933
2024-06-01 11:49:44.190,419.767019,419.77045
2024-06-01 11:49:44.702,419.767019,419.77045
2024-06-01 11:49:45.214,419.767019,420.12933
2024-06-01 11:49:45.726,409.342645,411.3627
2024-06-01 11:49:46.238,409.342645,411.5421
2024-06-01 11:49:46.750,409.342645,411.5421
2024-06-01 11:49:47.262,409.342645,411.5421
2024-06-01 11:49:47.774,409.342645,411.5421
2024-06-01 11:49:48.286,409.342645,411.5421
2024-06-01 11:49:48.798,409.342645,411.5421
2024-06-01 11:49:49.310,409.342645,411.3627
2024-06-01 11:49:49.822,409.342645,411.3627
2024-06-01 11:49:50.334,409.342645,411.18335
2024-06-01 11:49:50.846,409.342645,411.18335
2024-06-01 11:49:51.358,409.342645,411.5421
2024-06-01 11:49:51.870,419.767019,420.30872
2024-06-01 11:49:52.382,419.767019,419.94992
2024-06-01 11:49:52.893,419.767019,419.94992
2024-06-01 11:49:53.405,419.767019,420.30872
2024-06-01 11:49:53.917,398.918272,402.77557
2024-06-01 11:49:54.429,398.918272,402.41675
2024-06-01 11:49:54.941,398.918272,402.41675
2024-06-01 11:49:55.453,398.918272,402.77557
2024-06-01 11:49:55.965,409.342645,411.5421
2024-06-01 11:49:56.477,409.342645,411.5421
2024-06-01 11:49:56.989,409.342645,411.5421
2024-06-01 11:49:57.501,409.342645,411.5421
2024-06-01 11:49:58.013,409.342645,411.5421
2024-06-01 11:49:58.525,409.342645,411.3627
2024-06-01 11:49:59.037,409.342645,411.3627
2024-06-01 11:49:59.549,409.342645,411.5421
2024-06-01 11:50:00.061,430.191392,429.07532
2024-06-01 11:50:00.573,430.191392,428.7165
2024-06-01 11:50:01.085,430.191392,428.7165
2024-06-01 11:50:01.597,430.191392,429.07532
2024-06-01 11:50:02.109,430.191392,429.07532
2024-06-01 11:50:02.621,430.191392,428.89587
2024-06-01 11:50:03.133,430.191392,428.89587
2024-06-01 11:50:03.645,430.191392,428.89587
2024-06-01 11:50:04.157,419.767019,420.12933
2024-06-01 11:50:04.669,419.767019,420.12933
2024-06-01 11:50:05.181,419.767019,420.12933
2024-06-01 11:50:05.693,419.767019,420.48816
2024-06-01 11:50:06.205,419.767019,420.48816
2024-06-01 11:50:06.717,419.767019,420.12933
2024-06-01 11:50:07.229,419.767019,420.12933
2024-06-01 11:50:07.741,419.767019,420.12933
2024-06-01 11:50:08.253,409.342645,411.3627
2024-06-01 11:50:08.765,409.342645,411.5421
2024-06-01 11:50:09.277,409.342645,411.5421
2024-06-01 11:50:09.789,409.342645,411.5421
2024-06-01 11:50:10.301,419.767019,420.30872
2024-06-01 11:50:10.813,419.767019,420.12933
2024-06-01 11:50:11.325,419.767019,420.12933
2024-06-01 11:50:11.837,419.767019,420.66754
2024-06-01 11:50:12.349,419.767019,420.66754
2024-06-01 11:50:12.861,419.767019,420.12933
2024-06-01 11:50:13.373,419.767019,420.12933
2024-06-01 11:50:13.885,419.767019,412.25995
2024-06-01 11:50:14.397,847.166317,784.74664
2024-06-01 11:50:14.909,833.874464,728.8091
2024-06-01 11:50:15.421,833.874464,728.8091
2024-06-01 11:50:15.933,833.874464,732.1287
2024-06-01 11:50:16.445,1511.088386,1402.514
2024-06-01 11:50:16.957,1511.088386,1396.4642
2024-06-01 11:50:17.469,1511.088386,1396.4642
2024-06-01 11:50:17.981,1511.088386,1393.7756
2024-06-01 11:50:18.493,1439.262667,1320.1173
2024-06-01 11:50:19.005,1439.262667,1320.7894
2024-06-01 11:50:19.517,1439.262667,1320.7894
2024-06-01 11:50:20.029,1439.262667,1318.1007
2024-06-01 11:50:20.541,1429.00185,1307.5781
2024-06-01 11:50:21.053,1429.00185,1306.2338
2024-06-01 11:50:21.565,1429.00185,1306.2338
2024-06-01 11:50:22.077,1429.00185,1311.6113
2024-06-01 11:50:22.589,1572.653288,1458.9279
2024-06-01 11:50:23.101,1572.653288,1459.6
2024-06-01 11:50:23.613,1572.653288,1459.6
2024-06-01 11:50:24.125,1572.653288,1458.2559
2024-06-01 11:50:24.637,1439.262667,1321.4615
2024-06-01 11:50:25.149,1439.262667,1321.4615
2024-06-01 11:50:25.661,1439.262667,1321.4615
2024-06-01 11:50:26.173,1439.262667,1326.8391
2024-06-01 11:50:26.685,1541.870837,1432.0653
2024-06-01 11:50:27.197,1541.870837,1426.0157
2024-06-01 11:50:27.709,1541.870837,1426.0157
2024-06-01 11:50:28.221,1541.870837,1436.2689
2024-06-01 11:50:28.733,1459.784301,1351.9176
2024-06-01 11:50:29.245,1457.198882,1348.5565
2024-06-01 11:50:29.757,1457.198882,1348.5565
2024-06-01 11:50:30.269,1457.198882,1337.8016
2024-06-01 11:50:30.781,1477.68417,1358.8468
2024-06-01 11:50:31.293,1477.68417,1358.8468
2024-06-01 11:50:31.805,1477.68417,1353.2084
2024-06-01 11:50:32.317,1477.68417,1365.0814
2024-06-01 11:50:32.829,1416.228305,1301.1603
2024-06-01 11:50:33.341,1416.228305,1291.7867
2024-06-01 11:50:33.853,1416.228305,1291.7867
2024-06-01 11:50:34.365,1416.228305,1298.6608
2024-06-01 11:50:34.877,1426.470949,1309.3143
2024-06-01 11:50:35.389,1426.470949,1303.0653
2024-06-01 11:50:35.901,1426.470949,1303.0653
2024-06-01 11:50:36.413,1426.470949,1301.1906
2024-06-01 11:50:36.925,1508.412102,1386.4186
2024-06-01 11:50:37.437,1508.412102,1391.418
2024-06-01 11:50:37.949,1508.412102,1391.418
2024-06-01 11:50:38.461,1508.412102,1386.4187
2024-06-01 11:50:38.973,1416.228305,1290.537
2024-06-01 11:50:39.485,1416.228305,1289.9121
2024-06-01 11:50:39.997,1416.228305,1289.9121
2024-06-01 11:50:40.509,1416.228305,1303.6599
2024-06-01 11:50:41.021,1436.713593,1324.967
2024-06-01 11:50:41.533,1436.713593,1306.8448
2024-06-01 11:50:42.045,1436.713593,1306.8448
2024-06-01 11:50:42.557,1436.713593,1316.8434
2024-06-01 11:50:43.069,1498.169458,1380.7645
2024-06-01 11:50:43.581,1498.169458,1382.0142
2024-06-01 11:50:44.093,1498.169458,1382.0142
2024-06-01 11:50:44.605,1498.169458,1387.0135
2024-06-01 11:50:45.117,1528.89739,1418.9741
2024-06-01 11:50:45.629,1528.89739,1408.9756
2024-06-01 11:50:46.141,1528.89739,1408.9756
2024-06-01 11:50:46.653,1528.89739,1414.5996
2024-06-01 11:50:47.165,1477.68417,1361.3322
2024-06-01 11:50:47.677,1477.68417,1362.5819
2024-06-01 11:50:48.189,1477.68417,1362.5819
2024-06-01 11:50:48.701,1477.68417,1359.4573
2024-06-01 11:50:49.213,1395.743017,1274.229
2024-06-01 11:50:49.725,1395.743017,1271.1046
2024-06-01 11:50:50.237,1395.743017,1271.1046
2024-06-01 11:50:50.749,1395.743017,1280.4781
2024-06-01 11:50:51.261,1477.68417,1365.7064
2024-06-01 11:50:51.773,1477.68417,1357.5826
2024-06-01 11:50:52.285,1477.68417,1357.5826
2024-06-01 11:50:52.797,1477.68417,1357.5826
2024-06-01 11:50:53.309,1477.68417,1357.5826
2024-06-01 11:50:53.821,1475.062404,1355.7078
2024-06-01 11:50:54.333,1475.062404,1355.7079
2024-06-01 11:50:54.845,1475.062404,1356.9578
2024-06-01 11:50:55.357,1546.633703,1431.5323
2024-06-01 11:50:55.869,1546.633703,1440.906
2024-06-01 11:50:56.381,1546.633703,1440.906
2024-06-01 11:50:56.893,1546.633703,1435.2819
2024-06-01 11:50:57.405,1362.593221,1243.5392
2024-06-01 11:50:57.917,1365.015085,1241.0188
2024-06-01 11:50:58.429,1365.015085,1241.0188
2024-06-01 11:50:58.941,1365.015085,1246.7114
2024-06-01 11:50:59.453,1375.257729,1257.3229
2024-06-01 11:50:59.965,1372.817692,1249.7977
2024-06-01 11:51:00.477,1372.817692,1249.7977
2024-06-01 11:51:00.989,1372.817692,1253.547
2024-06-01 11:51:01.501,1597.756059,1487.9246
2024-06-01 11:51:02.013,1597.756059,1493.8397
2024-06-01 11:51:02.525,1597.756059,1493.8397
2024-06-01 11:51:03.037,1597.756059,1494.551
2024-06-01 11:51:03.549,1536.409232,1430.2526
2024-06-01 11:51:04.061,1536.409232,1420.254
2024-06-01 11:51:04.573,1536.409232,1423.539
2024-06-01 11:51:05.085,1536.409232,1428.103
2024-06-01 11:51:05.597,1393.266635,1278.2345
2024-06-01 11:51:06.109,1393.266635,1283.7511
2024-06-01 11:51:06.621,1393.266635,1283.7511
2024-06-01 11:51:07.133,1393.266635,1282.6298
2024-06-01 11:51:07.645,1505.735818,1400.1888
2024-06-01 11:51:08.157,1505.735818,1391.3346
2024-06-01 11:51:08.669,1505.735818,1391.3346
2024-06-01 11:51:09.181,1505.735818,1399.09
2024-06-01 11:51:09.693,1454.613462,1345.6542
2024-06-01 11:51:10.205,1454.613462,1348.9507
2024-06-01 11:51:10.717,1454.613462,1348.9506
2024-06-01 11:51:11.229,1454.613462,1340.1962
2024-06-01 11:51:11.741,1454.613462,1340.1962
2024-06-01 11:51:12.253,1454.613462,1347.3024
2024-06-01 11:51:12.765,1454.613462,1347.3024
2024-06-01 11:51:13.277,1454.613462,1342.9071
2024-06-01 11:51:13.789,1454.613462,1342.9071
2024-06-01 11:51:14.301,1454.613462,1344.5553
2024-06-01 11:51:14.813,1454.613462,1344.5553
2024-06-01 11:51:15.325,1454.613462,1340.1962
2024-06-01 11:51:15.837,1577.307116,1469.0138
2024-06-01 11:51:16.349,1577.307116,1466.4781
2024-06-01 11:51:16.861,1577.307116,1466.4781
2024-06-01 11:51:17.373,1577.307116,1472.0564
2024-06-01 11:51:17.885,1464.837933,1354.1437
2024-06-01 11:51:18.397,1464.837933,1348.9022
2024-06-01 11:51:18.909,1464.837933,1348.9022
2024-06-01 11:51:19.421,1464.837933,1352.4955
2024-06-01 11:51:19.933,1587.531588,1481.2699
2024-06-01 11:51:20.445,1587.531588,1483.2985
2024-06-01 11:51:20.957,1587.531588,1483.2985
2024-06-01 11:51:21.469,1587.531588,1479.7487
2024-06-01 11:51:21.981,1546.633703,1436.8093
2024-06-01 11:51:22.493,1543.884727,1438.3307
2024-06-01 11:51:23.005,1543.884727,1438.3307
2024-06-01 11:51:23.517,1543.884727,1440.3591
2024-06-01 11:51:24.029,1584.70992,1483.2985
2024-06-01 11:51:24.541,1584.70992,1485.433
2024-06-01 11:51:25.053,1584.70992,1485.433
2024-06-01 11:51:25.564,1584.70992,1474.1702
2024-06-01 11:51:26.076,1543.884727,1431.231
2024-06-01 11:51:26.588,1543.884727,1442.3881
2024-06-01 11:51:27.100,1543.884727,1442.3881
2024-06-01 11:51:27.612,1543.884727,1435.288
2024-06-01 11:51:28.124,1441.821744,1327.9398
2024-06-01 11:51:28.636,1441.821744,1335.5162
2024-06-01 11:51:29.148,1441.821744,1335.5162
2024-06-01 11:51:29.660,1441.821744,1324.39
2024-06-01 11:51:30.172,1370.377656,1249.2465
2024-06-01 11:51:30.684,1370.377656,1252.465
2024-06-01 11:51:31.196,1370.377656,1252.465
2024-06-01 11:51:31.708,1370.377656,1257.4093
2024-06-01 11:51:32.220,1400.996551,1289.4711
2024-06-01 11:51:32.732,1400.996551,1287.2734
2024-06-01 11:51:33.244,1400.996551,1287.2734
2024-06-01 11:51:33.756,1400.996551,1284.5265
2024-06-01 11:51:34.268,1400.996551,1284.5265
2024-06-01 11:51:34.780,1400.996551,1286.7242
2024-06-01 11:51:35.292,1400.996551,1286.7242
2024-06-01 11:51:35.804,1400.996551,1281.4508
2024-06-01 11:51:36.316,1605.122517,1496.1471
2024-06-01 11:51:36.828,1605.122517,1506.4808
2024-06-01 11:51:37.340,1605.122517,1506.4808
2024-06-01 11:51:37.852,1605.122517,1498.1754
2024-06-01 11:51:38.364,1441.821744,1326.4186
2024-06-01 11:51:38.876,1441.821744,1337.1647
2024-06-01 11:51:39.388,1441.821744,1337.1647
2024-06-01 11:51:39.900,1441.821744,1325.4044
2024-06-01 11:51:40.412,1523.472131,1411.2827
2024-06-01 11:51:40.924,1523.472131,1418.8895
2024-06-01 11:51:41.436,1523.472131,1418.8895
2024-06-01 11:51:41.948,1523.472131,1410.7756
2024-06-01 11:51:42.460,1400.996551,1281.9579
2024-06-01 11:51:42.972,1400.996551,1291.1194
2024-06-01 11:51:43.484,1400.996551,1291.1193
2024-06-01 11:51:43.996,1400.996551,1286.1747
2024-06-01 11:51:44.508,1492.853236,1382.6282
2024-06-01 11:51:45.020,1492.853236,1387.8534
2024-06-01 11:51:45.532,1492.853236,1387.8534
2024-06-01 11:51:46.044,1492.853236,1387.3041
2024-06-01 11:51:46.556,1564.297324,1462.3358
2024-06-01 11:51:47.068,1564.297324,1456.7574
2024-06-01 11:51:47.580,1564.297324,1456.7574
2024-06-01 11:51:48.092,1564.297324,1452.7006
2024-06-01 11:51:48.604,1584.70992,1474.1702
2024-06-01 11:51:49.116,1581.888253,1483.2985
2024-06-01 11:51:49.628,1581.888253,1483.2985
2024-06-01 11:51:50.140,1581.888253,1475.6917
2024-06-01 11:51:50.652,1469.818874,1357.6086
2024-06-01 11:51:51.164,1469.818874,1360.1443
2024-06-01 11:51:51.676,1469.818874,1360.1443
2024-06-01 11:51:52.188,1469.818874,1361.6658
2024-06-01 11:51:52.700,1530.947626,1426.0746
2024-06-01 11:51:53.212,1533.678429,1425.0603
2024-06-01 11:51:53.724,1533.678429,1425.0603
2024-06-01 11:51:54.236,1533.678429,1428.6102
2024-06-01 11:51:54.748,1503.059534,1396.4056
2024-06-01 11:51:55.260,1500.38325,1395.8987
2024-06-01 11:51:55.772,1500.38325,1395.8987
2024-06-01 11:51:56.284,1500.38325,1399.6393
2024-06-01 11:51:56.796,1398.501996,1292.7676
2024-06-01 11:51:57.308,1400.996551,1294.4159
2024-06-01 11:51:57.820,1400.996551,1294.4159
2024-06-01 11:51:58.332,1400.996551,1286.7242
2024-06-01 11:51:58.844,1452.028042,1340.1962
2024-06-01 11:51:59.356,1449.442623,1341.8083
2024-06-01 11:51:59.868,1449.442623,1341.8083
2024-06-01 11:52:00.380,1449.442623,1336.1393
2024-06-01 11:52:00.892,1367.93762,1250.2675
2024-06-01 11:52:01.404,1367.93762,1252.465
2024-06-01 11:52:01.916,1367.93762,1252.465
2024-06-01 11:52:02.428,1367.93762,1255.7614
2024-06-01 11:52:02.940,1530.947626,1427.0889
2024-06-01 11:52:03.452,1530.947626,1425.0603
2024-06-01 11:52:03.964,1530.947626,1425.0603
2024-06-01 11:52:04.476,1530.947626,1428.103
2024-06-01 11:52:04.988,1327.185118,1214.1115
2024-06-01 11:52:05.500,1327.185118,1221.08
2024-06-01 11:52:06.012,1327.185118,1221.08
2024-06-01 11:52:06.524,1327.185118,1215.7596
2024-06-01 11:52:07.036,1561.512002,1461.8287
2024-06-01 11:52:07.548,1561.512002,1458.2789
2024-06-01 11:52:08.060,1561.512002,1458.2789
2024-06-01 11:52:08.572,1561.512002,1462.843
2024-06-01 11:52:09.084,1388.31387,1280.9816
2024-06-01 11:52:09.596,1388.31387,1285.0009
2024-06-01 11:52:10.108,1388.31387,1288.8096
2024-06-01 11:52:10.620,1388.31387,1288.2684
2024-06-01 11:52:11.132,1388.31387,1288.2684
2024-06-01 11:52:11.644,1388.31387,1280.0974
2024-06-01 11:52:12.156,1388.31387,1280.0974
2024-06-01 11:52:12.668,1388.31387,1278.1766
2024-06-01 11:52:13.180,1429.066372,1321.1906
2024-06-01 11:52:13.692,1429.066372,1324.051
2024-06-01 11:52:14.204,1429.066372,1324.051
2024-06-01 11:52:14.716,1429.066372,1324.558
2024-06-01 11:52:15.228,1510.571375,1410.4366
2024-06-01 11:52:15.740,1510.571375,1410.9437
2024-06-01 11:52:16.252,1510.571375,1410.9437
2024-06-01 11:52:16.764,1510.571375,1418.2721
2024-06-01 11:52:17.276,1357.749494,1257.1201
2024-06-01 11:52:17.788,1357.749494,1248.9073
2024-06-01 11:52:18.300,1357.749494,1248.9073
2024-06-01 11:52:18.812,1357.749494,1255.5
2024-06-01 11:52:19.324,1490.195124,1395.1617
2024-06-01 11:52:19.836,1490.195124,1386.5928
2024-06-01 11:52:20.348,1490.195124,1386.5928
2024-06-01 11:52:20.860,1490.195124,1388.9669
2024-06-01 11:52:21.372,1429.066372,1324.558
2024-06-01 11:52:21.884,1429.066372,1325.5724
2024-06-01 11:52:22.396,1429.066372,1325.5724
2024-06-01 11:52:22.908,1429.066372,1332.3246
2024-06-01 11:52:23.420,1480.006999,1386.0417
2024-06-01 11:52:23.932,1480.006999,1378.2322
2024-06-01 11:52:24.444,1480.006999,1378.2322
2024-06-01 11:52:24.956,1480.006999,1380.2606
2024-06-01 11:52:25.468,1367.93762,1262.1777
2024-06-01 11:52:25.980,1365.497583,1254.4667
2024-06-01 11:52:26.492,1365.497583,1254.4667
2024-06-01 11:52:27.004,1365.497583,1257.6138
2024-06-01 11:52:27.516,1334.987726,1225.4092
2024-06-01 11:52:28.028,1334.987726,1226.4235
2024-06-01 11:52:28.540,1334.987726,1226.4235
2024-06-01 11:52:29.052,1334.987726,1233.5231
2024-06-01 11:52:29.564,1457.027156,1362.3903
2024-06-01 11:52:30.076,1457.027156,1354.773
2024-06-01 11:52:30.588,1457.027156,1354.773
2024-06-01 11:52:31.100,1457.027156,1354.3324
2024-06-01 11:52:31.612,1396.007441,1289.8181
2024-06-01 11:52:32.124,1396.007441,1288.4896
2024-06-01 11:52:32.636,1396.007441,1288.4895
2024-06-01 11:52:33.148,1396.007441,1291.8466
2024-06-01 11:52:33.660,1345.157678,1238.1725
2024-06-01 11:52:34.172,1345.157678,1238.1725
2024-06-01 11:52:34.684,1345.157678,1238.1725
2024-06-01 11:52:35.196,1345.157678,1240.2009
2024-06-01 11:52:35.708,1396.007441,1293.875
2024-06-01 11:52:36.220,1396.007441,1287.6083
2024-06-01 11:52:36.732,1396.007441,1287.6083
2024-06-01 11:52:37.244,1396.007441,1287.6083
2024-06-01 11:52:37.756,1446.857203,1341.3759
2024-06-01 11:52:38.268,1446.857203,1341.8165
2024-06-01 11:52:38.780,1446.857203,1341.8165
2024-06-01 11:52:39.292,1446.857203,1350.0847
2024-06-01 11:52:39.804,1477.367061,1382.2891
2024-06-01 11:52:40.316,1477.367061,1376.2799
2024-06-01 11:52:40.828,1477.367061,1376.2799
2024-06-01 11:52:41.340,1477.367061,1374.9581
2024-06-01 11:52:41.852,1355.327631,1245.9161
2024-06-01 11:52:42.364,1355.327631,1244.1537
2024-06-01 11:52:42.876,1355.327631,1244.1537
2024-06-01 11:52:43.388,1355.327631,1245.0349
2024-06-01 11:52:43.900,1304.477868,1191.2675
2024-06-01 11:52:44.412,1304.477868,1190.3864
2024-06-01 11:52:44.924,1304.477868,1190.3864
2024-06-01 11:52:45.436,1304.477868,1200.3044
2024-06-01 11:52:45.948,1446.857203,1350.5919
2024-06-01 11:52:46.460,1446.857203,1347.5492
2024-06-01 11:52:46.972,1446.857203,1347.5492
2024-06-01 11:52:47.484,1446.857203,1348.0562
2024-06-01 11:52:47.996,1416.347346,1315.8518
2024-06-01 11:52:48.508,1416.347346,1312.8092
2024-06-01 11:52:49.020,1416.347346,1312.8091
2024-06-01 11:52:49.532,1416.347346,1312.302
2024-06-01 11:52:50.044,1507.876918,1408.9811
2024-06-01 11:52:50.556,1507.876918,1414.4935
2024-06-01 11:52:51.068,1507.876918,1414.4935
2024-06-01 11:52:51.580,1507.876918,1408.5405
2024-06-01 11:52:52.092,1365.497583,1258.1208
2024-06-01 11:52:52.604,1365.497583,1254.4667
2024-06-01 11:52:53.116,1365.497583,1254.4667
2024-06-01 11:52:53.628,1365.497583,1262.1777
2024-06-01 11:52:54.140,1416.347346,1315.8518
2024-06-01 11:52:54.652,1413.816445,1314.8376
2024-06-01 11:52:55.164,1413.816445,1314.8376
2024-06-01 11:52:55.676,1413.816445,1317.8804
2024-06-01 11:52:56.188,1413.816445,1317.8804
2024-06-01 11:52:56.700,1416.347346,1311.7948
2024-06-01 11:52:57.212,1416.347346,1311.7948
2024-06-01 11:52:57.723,1416.347346,1319.9576
2024-06-01 11:52:58.235,1355.327631,1255.5
2024-06-01 11:52:58.747,1355.327631,1245.0349
2024-06-01 11:52:59.259,1355.327631,1245.0349
2024-06-01 11:52:59.771,1355.327631,1253.4713
2024-06-01 11:53:00.283,1436.687251,1339.35
2024-06-01 11:53:00.795,1434.120004,1328.4193
2024-06-01 11:53:01.307,1434.120004,1328.4193
2024-06-01 11:53:01.819,1434.120004,1339.857
2024-06-01 11:53:02.331,1464.575343,1372.0614
2024-06-01 11:53:02.843,1464.575343,1362.442
2024-06-01 11:53:03.355,1464.575343,1362.442
2024-06-01 11:53:03.867,1464.575343,1363.3234
2024-06-01 11:53:04.379,1444.271784,1341.8165
2024-06-01 11:53:04.891,1444.271784,1349.5775
2024-06-01 11:53:05.403,1444.271784,1349.5775
2024-06-01 11:53:05.915,1444.271784,1345.5208
2024-06-01 11:53:06.427,1423.968224,1324.051
2024-06-01 11:53:06.939,1423.968224,1325.5724
2024-06-01 11:53:07.451,1423.968224,1325.5724
2024-06-01 11:53:07.963,1423.968224,1319.4282
2024-06-01 11:53:08.475,1434.120004,1330.1816
2024-06-01 11:53:08.987,1434.120004,1332.8253
2024-06-01 11:53:09.499,1434.120004,1332.8253
2024-06-01 11:53:10.011,1434.120004,1340.3641
2024-06-01 11:53:10.523,1444.271784,1351.1058
2024-06-01 11:53:11.035,1444.271784,1345.0135
2024-06-01 11:53:11.547,1444.271784,1345.0135
2024-06-01 11:53:12.059,1444.271784,1341.3759
2024-06-01 11:53:12.571,1464.575343,1362.8827
2024-06-01 11:53:13.083,1464.575343,1361.5609
2024-06-01 11:53:13.595,1464.575343,1361.5609
2024-06-01 11:53:14.107,1464.575343,1408.3971
2024-06-01 11:53:14.619,388.486706,389.7281
2024-06-01 11:53:15.131,394.050208,389.20264
2024-06-01 11:53:15.643,394.050208,389.20264
2024-06-01 11:53:16.155,394.050208,389.3778
2024-06-01 11:53:16.667,383.753045,380.58185
2024-06-01 11:53:17.179,384.43031,380.75702
2024-06-01 11:53:17.691,384.43031,380.75702
2024-06-01 11:53:18.203,384.43031,382.3333
2024-06-01 11:53:18.715,291.592289,307.21136
2024-06-01 11:53:19.227,291.592289,307.33536
2024-06-01 11:53:19.739,291.592289,307.33536
2024-06-01 11:53:20.251,291.592289,307.21136
2024-06-01 11:53:20.763,291.592289,307.21136
2024-06-01 11:53:21.275,291.592289,307.21136
2024-06-01 11:53:21.787,291.592289,307.21136
2024-06-01 11:53:22.299,291.592289,307.08737
2024-06-01 11:53:22.811,291.592289,307.08737
2024-06-01 11:53:23.323,291.592289,306.8394
2024-06-01 11:53:23.835,291.592289,306.8394
2024-06-01 11:53:24.347,291.592289,306.8394
2024-06-01 11:53:24.859,301.907624,314.70615
2024-06-01 11:53:25.371,301.907624,314.83716
2024-06-01 11:53:25.883,301.907624,314.83716
2024-06-01 11:53:26.395,301.907624,314.9682
2024-06-01 11:53:26.907,301.907624,314.9682
2024-06-01 11:53:27.419,302.439506,315.09927
2024-06-01 11:53:27.931,302.439506,315.09927
2024-06-01 11:53:28.443,302.439506,315.23032
2024-06-01 11:53:28.955,281.772489,299.54034
2024-06-01 11:53:29.467,281.772489,299.54034
2024-06-01 11:53:29.979,281.772489,299.54034
2024-06-01 11:53:30.491,281.772489,299.29233
2024-06-01 11:53:31.003,292.105997,307.08737
2024-06-01 11:53:31.515,292.105997,307.08737
2024-06-01 11:53:32.027,292.105997,307.08737
2024-06-01 11:53:32.539,292.105997,307.33536
2024-06-01 11:53:33.051,281.772489,299.54034
2024-06-01 11:53:33.563,281.772489,299.54034
2024-06-01 11:53:34.075,281.772489,299.54034
2024-06-01 11:53:34.587,281.772489,299.29233
2024-06-01 11:53:35.099,271.43898,291.4973
2024-06-01 11:53:35.611,271.43898,291.62128
2024-06-01 11:53:36.123,271.43898,291.62128
2024-06-01 11:53:36.635,271.43898,291.62128
2024-06-01 11:53:37.147,302.439506,315.09927
2024-06-01 11:53:37.659,302.439506,314.83716
2024-06-01 11:53:38.171,302.439506,314.83722
2024-06-01 11:53:38.683,302.439506,314.83722
2024-06-01 11:53:39.195,271.43898,291.38074
2024-06-01 11:53:39.707,271.43898,291.38074
2024-06-01 11:53:40.219,271.43898,291.38074
2024-06-01 11:53:40.731,271.43898,291.62128
2024-06-01 11:53:41.243,292.105997,307.21136
2024-06-01 11:53:41.755,292.105997,307.21136
2024-06-01 11:53:42.267,292.105997,307.21136
2024-06-01 11:53:42.779,292.105997,307.08737
2024-06-01 11:53:43.291,302.439506,314.9682
2024-06-01 11:53:43.803,302.439506,314.9682
2024-06-01 11:53:44.315,302.439506,314.9682
2024-06-01 11:53:44.827,302.439506,314.9682
2024-06-01 11:53:45.339,281.772489,299.29233
2024-06-01 11:53:45.851,281.772489,299.0443
2024-06-01 11:53:46.363,281.772489,299.0443
2024-06-01 11:53:46.875,281.772489,298.84402
2024-06-01 11:53:47.387,323.106523,330.50873
2024-06-01 11:53:47.899,323.106523,330.63977
2024-06-01 11:53:48.411,323.106523,330.63977
2024-06-01 11:53:48.923,323.106523,331.0329
2024-06-01 11:53:49.435,292.105997,306.96338
2024-06-01 11:53:49.947,292.105997,306.8394
2024-06-01 11:53:50.459,292.105997,306.8394
2024-06-01 11:53:50.971,292.105997,307.08737
2024-06-01 11:53:51.483,281.772489,299.29233
2024-06-01 11:53:51.995,282.268025,300.16028
2024-06-01 11:53:52.507,282.268025,300.16028
2024-06-01 11:53:53.019,282.268025,301.35883
2024-06-01 11:53:53.531,261.564662,286.15466
2024-06-01 11:53:54.043,262.023852,290.22626
2024-06-01 11:53:54.555,262.023852,290.22626
2024-06-01 11:53:55.067,262.023852,290.22626
2024-06-01 11:53:55.579,241.284143,275.79053
2024-06-01 11:53:56.091,242.129831,275.79053
2024-06-01 11:53:56.603,242.129831,275.79053
2024-06-01 11:53:57.115,242.129831,275.79053
2024-06-01 11:53:57.627,252.536031,282.8733
2024-06-01 11:53:58.139,252.977049,282.8733
2024-06-01 11:53:58.651,252.977049,282.8733
2024-06-01 11:53:59.163,252.977049,282.8733
2024-06-01 11:53:59.675,221.703929,262.87045
2024-06-01 11:54:00.187,222.090428,262.87045
2024-06-01 11:54:00.699,222.090428,262.87045
2024-06-01 11:54:01.211,222.090428,262.87045
2024-06-01 11:54:01.723,222.090428,231.60683
2024-06-01 11:54:02.235,222.863424,231.60683
2024-06-01 11:54:02.747,222.863424,231.60683
2024-06-01 11:54:03.259,222.863424,231.60683
2024-06-01 11:54:03.771,222.863424,231.60683
2024-06-01 11:54:04.283,222.863424,231.60683
2024-06-01 11:54:04.795,222.863424,231.60683
2024-06-01 11:54:05.307,222.863424,231.60683
2024-06-01 11:54:05.819,222.863424,231.60683
2024-06-01 11:54:06.331,222.863424,231.60683
2024-06-01 11:54:06.843,222.863424,231.60683
2024-06-01 11:54:07.355,222.863424,231.60683
2024-06-01 11:54:07.867,233.342316,240.37595
2024-06-01 11:54:08.379,233.342316,240.37595
2024-06-01 11:54:08.891,233.342316,240.37595
2024-06-01 11:54:09.403,233.342316,240.37595
2024-06-01 11:54:09.915,233.342316,240.37595
2024-06-01 11:54:10.427,233.342316,240.37595
2024-06-01 11:54:10.939,233.342316,240.37592
2024-06-01 11:54:11.451,233.342316,240.37592
2024-06-01 11:54:11.963,233.342316,240.37595
2024-06-01 11:54:12.475,233.342316,240.37595
2024-06-01 11:54:12.987,233.342316,240.37595
2024-06-01 11:54:13.499,233.342316,240.37595
2024-06-01 11:54:14.011,243.821208,249.24799
2024-06-01 11:54:14.523,243.821208,249.24799
2024-06-01 11:54:15.035,243.821208,249.24799
2024-06-01 11:54:15.547,243.821208,249.24799
2024-06-01 11:54:16.059,222.863424,231.60683
2024-06-01 11:54:16.571,222.863424,231.60683
2024-06-01 11:54:17.083,222.863424,231.60683
2024-06-01 11:54:17.595,222.863424,231.60683
2024-06-01 11:54:18.107,233.342316,240.37595
2024-06-01 11:54:18.619,233.746988,240.37595
2024-06-01 11:54:19.131,233.746988,240.37595
2024-06-01 11:54:19.643,233.746988,240.37595
2024-06-01 11:54:20.155,233.746988,240.37595
2024-06-01 11:54:20.667,233.746988,240.37595
2024-06-01 11:54:21.179,233.746988,240.37595
2024-06-01 11:54:21.691,233.746988,240.37595
2024-06-01 11:54:22.203,254.741117,259.37128
2024-06-01 11:54:22.715,254.741117,259.37128
2024-06-01 11:54:23.227,254.741117,259.37128
2024-06-01 11:54:23.739,254.741117,259.37128
2024-06-01 11:54:24.251,244.244052,249.24799
2024-06-01 11:54:24.763,244.244052,249.24799
2024-06-01 11:54:25.275,244.244052,249.24799
2024-06-01 11:54:25.787,244.244052,249.24799
2024-06-01 11:54:26.299,244.244052,249.24799
2024-06-01 11:54:26.811,244.244052,249.24799
2024-06-01 11:54:27.323,244.244052,249.248
2024-06-01 11:54:27.835,244.244052,249.248
2024-06-01 11:54:28.347,254.741117,259.37128
2024-06-01 11:54:28.859,254.741117,259.37128
2024-06-01 11:54:29.371,254.741117,259.37128
2024-06-01 11:54:29.883,254.741117,259.37128
2024-06-01 11:54:30.394,233.746988,240.37595
2024-06-01 11:54:30.906,233.746988,240.37595
2024-06-01 11:54:31.418,233.746988,240.37595
2024-06-01 11:54:31.930,233.746988,240.37595
2024-06-01 11:54:32.442,233.746988,240.37595
2024-06-01 11:54:32.954,233.746988,240.37595
2024-06-01 11:54:33.466,233.746988,240.37595
2024-06-01 11:54:33.978,233.746988,240.37595
2024-06-01 11:54:34.490,244.244052,249.24799
2024-06-01 11:54:35.002,244.666897,249.24799
2024-06-01 11:54:35.514,244.666897,249.24799
2024-06-01 11:54:36.026,244.666897,249.24799
2024-06-01 11:54:36.538,223.636421,231.60683
2024-06-01 11:54:37.050,223.249923,231.60683
2024-06-01 11:54:37.562,223.249923,231.60683
2024-06-01 11:54:38.074,223.249923,231.60683
2024-06-01 11:54:38.586,244.244052,249.24799
2024-06-01 11:54:39.098,244.244052,249.24799
2024-06-01 11:54:39.610,244.244052,249.24799
2024-06-01 11:54:40.122,244.244052,249.24799
2024-06-01 11:54:40.634,265.238182,269.96338
2024-06-01 11:54:41.146,265.697372,269.96338
2024-06-01 11:54:41.658,265.697372,269.96338
2024-06-01 11:54:42.170,265.697372,269.96338
2024-06-01 11:54:42.682,244.666897,249.24799
2024-06-01 11:54:43.194,244.666897,249.24799
2024-06-01 11:54:43.706,244.666897,249.248
2024-06-01 11:54:44.218,244.666897,249.248
2024-06-01 11:54:44.730,244.666897,249.24799
2024-06-01 11:54:45.242,244.666897,249.24799
2024-06-01 11:54:45.754,244.666897,249.24799
2024-06-01 11:54:46.266,244.666897,249.24799
2024-06-01 11:54:46.778,255.182134,259.37128
2024-06-01 11:54:47.290,255.182134,259.37128
2024-06-01 11:54:47.802,255.182134,259.37128
2024-06-01 11:54:48.314,255.182134,259.37128
2024-06-01 11:54:48.826,265.697372,269.96338
2024-06-01 11:54:49.338,265.697372,269.96338
2024-06-01 11:54:49.850,265.697372,269.96338
2024-06-01 11:54:50.362,265.697372,269.96338
2024-06-01 11:54:50.874,265.697372,269.96338
2024-06-01 11:54:51.386,265.697372,269.96338
2024-06-01 11:54:51.898,265.697372,269.96338
2024-06-01 11:54:52.410,265.697372,269.96338
2024-06-01 11:54:52.922,244.666897,249.24799
2024-06-01 11:54:53.434,244.666897,249.24799
2024-06-01 11:54:53.946,244.666897,245.21738
2024-06-01 11:54:54.458,244.666897,245.21738
2024-06-01 11:54:54.970,255.182134,255.80737
2024-06-01 11:54:55.482,255.182134,255.80737
2024-06-01 11:54:55.994,255.182134,255.80737
2024-06-01 11:54:56.506,255.182134,255.80737
2024-06-01 11:54:57.018,255.182134,255.80737
2024-06-01 11:54:57.530,255.182134,255.80737
2024-06-01 11:54:58.042,255.182134,255.80737
2024-06-01 11:54:58.554,255.182134,255.80737
2024-06-01 11:54:59.066,265.697372,266.41556
2024-06-01 11:54:59.578,265.697372,266.41556
2024-06-01 11:55:00.090,265.697372,266.41556
2024-06-01 11:55:00.602,265.697372,266.41556
2024-06-01 11:55:01.114,244.666897,245.21738
2024-06-01 11:55:01.626,244.244052,245.21738
2024-06-01 11:55:02.138,244.244052,245.21738
2024-06-01 11:55:02.650,244.244052,245.21738
2024-06-01 11:55:03.162,254.741117,255.80737
2024-06-01 11:55:03.674,254.741117,255.80737
2024-06-01 11:55:04.186,254.741117,255.80737
2024-06-01 11:55:04.698,254.741117,255.80737
2024-06-01 11:55:05.210,244.244052,245.21738
2024-06-01 11:55:05.722,244.244052,245.21738
2024-06-01 11:55:06.234,244.244052,245.21738
2024-06-01 11:55:06.746,244.244052,245.21738
2024-06-01 11:55:07.258,244.244052,245.21738
2024-06-01 11:55:07.770,244.666897,245.21738
2024-06-01 11:55:08.282,244.666897,245.21738
2024-06-01 11:55:08.794,244.666897,245.21738
2024-06-01 11:55:09.306,276.21261,277.10583
2024-06-01 11:55:09.818,276.21261,277.10583
2024-06-01 11:55:10.330,276.21261,277.10583
2024-06-01 11:55:10.842,276.21261,277.10583
2024-06-01 11:55:11.354,255.182134,255.80737
2024-06-01 11:55:11.866,255.182134,255.80737
2024-06-01 11:55:12.378,255.182134,255.80737
2024-06-01 11:55:12.890,255.182134,255.80737
2024-06-01 11:55:13.402,255.182134,255.80737
2024-06-01 11:55:13.914,255.182134,255.80737
2024-06-01 11:55:14.426,255.182134,255.80737
2024-06-01 11:55:14.938,255.182134,255.80737
2024-06-01 11:55:15.450,244.666897,245.21738
2024-06-01 11:55:15.962,244.666897,245.21738
2024-06-01 11:55:16.474,244.666897,245.21738
2024-06-01 11:55:16.986,244.666897,245.21738
2024-06-01 11:55:17.498,255.182134,255.80737
2024-06-01 11:55:18.010,255.182134,255.80737
2024-06-01 11:55:18.522,255.182134,255.80737
2024-06-01 11:55:19.034,255.182134,255.80737
2024-06-01 11:55:19.546,265.697372,266.41556
2024-06-01 11:55:20.058,265.697372,266.41556
2024-06-01 11:55:20.570,265.697372,266.41556
2024-06-01 11:55:21.082,265.697372,266.41556
2024-06-01 11:55:21.594,276.21261,277.10583
2024-06-01 11:55:22.106,275.735247,277.10583
2024-06-01 11:55:22.618,275.735247,277.10583
2024-06-01 11:55:23.130,275.735247,277.10583
2024-06-01 11:55:23.642,265.238182,266.41556
2024-06-01 11:55:24.154,265.238182,266.41556
2024-06-01 11:55:24.666,265.238182,266.41556
2024-06-01 11:55:25.178,265.238182,266.41556
2024-06-01 11:55:25.690,254.741117,255.80737
2024-06-01 11:55:26.202,255.182134,255.80737
2024-06-01 11:55:26.714,255.182134,255.80737
2024-06-01 11:55:27.226,255.182134,255.80737
2024-06-01 11:55:27.738,255.182134,255.80737
2024-06-01 11:55:28.250,255.182134,255.80737
2024-06-01 11:55:28.762,255.182134,255.80737
2024-06-01 11:55:29.274,255.182134,255.80737
2024-06-01 11:55:29.786,255.182134,255.80737
2024-06-01 11:55:30.298,254.741117,255.80737
2024-06-01 11:55:30.810,254.741117,255.80737
2024-06-01 11:55:31.322,254.741117,255.80737
2024-06-01 11:55:31.834,244.244052,245.21738
2024-06-01 11:55:32.346,244.666897,245.21738
2024-06-01 11:55:32.858,244.666897,245.21738
2024-06-01 11:55:33.370,244.666897,245.21738
2024-06-01 11:55:33.882,255.182134,255.80737
2024-06-01 11:55:34.394,255.182134,255.80737
2024-06-01 11:55:34.906,255.182134,255.80737
2024-06-01 11:55:35.418,255.182134,255.80737
2024-06-01 11:55:35.930,265.697372,266.41556
2024-06-01 11:55:36.442,265.697372,266.41556
2024-06-01 11:55:36.954,265.697372,266.41556
2024-06-01 11:55:37.466,265.697372,266.41556
2024-06-01 11:55:37.978,255.182134,255.80737
2024-06-01 11:55:38.490,255.182134,255.80737
2024-06-01 11:55:39.002,255.182134,255.80737
2024-06-01 11:55:39.514,255.182134,255.80737
2024-06-01 11:55:40.026,286.727847,287.7961
2024-06-01 11:55:40.538,286.727847,287.7961
2024-06-01 11:55:41.050,286.727847,287.7961
2024-06-01 11:55:41.562,286.727847,287.7961
2024-06-01 11:55:42.074,286.727847,287.7961
2024-06-01 11:55:42.586,286.727847,287.7961
2024-06-01 11:55:43.098,286.727847,287.7961
2024-06-01 11:55:43.610,286.727847,287.7961
2024-06-01 11:55:44.122,286.727847,287.7961
2024-06-01 11:55:44.634,286.727847,287.7961
2024-06-01 11:55:45.146,286.727847,287.7961
2024-06-01 11:55:45.658,286.727847,287.7961
2024-06-01 11:55:46.170,276.21261,277.10583
2024-06-01 11:55:46.682,276.21261,277.10583
2024-06-01 11:55:47.194,276.21261,277.10583
2024-06-01 11:55:47.706,276.21261,277.10583
2024-06-01 11:55:48.218,286.727847,287.7961
2024-06-01 11:55:48.730,286.727847,287.7961
2024-06-01 11:55:49.242,286.727847,287.79608
2024-06-01 11:55:49.754,286.727847,287.79608
2024-06-01 11:55:50.266,307.758322,309.17664
2024-06-01 11:55:50.778,307.758322,309.17664
2024-06-01 11:55:51.290,307.758322,309.17664
2024-06-01 11:55:51.802,307.758322,309.17664
2024-06-01 11:55:52.314,307.758322,309.17664
2024-06-01 11:55:52.826,307.758322,309.17664
2024-06-01 11:55:53.338,307.758322,309.17664
2024-06-01 11:55:53.850,307.758322,309.17664
2024-06-01 11:55:54.362,286.727847,287.7961
2024-06-01 11:55:54.874,286.727847,287.7961
2024-06-01 11:55:55.386,286.727847,287.7961
2024-06-01 11:55:55.898,286.727847,287.7961
2024-06-01 11:55:56.410,286.727847,287.7961
2024-06-01 11:55:56.922,286.727847,287.7961
2024-06-01 11:55:57.434,286.727847,287.7961
2024-06-01 11:55:57.946,286.727847,287.7961
2024-06-01 11:55:58.458,286.727847,287.7961
2024-06-01 11:55:58.970,286.727847,287.7961
2024-06-01 11:55:59.482,286.727847,286.68005
2024-06-01 11:55:59.994,286.727847,286.68005
2024-06-01 11:56:00.506,286.727847,286.68005
2024-06-01 11:56:01.018,286.727847,286.68005
2024-06-01 11:56:01.530,286.727847,286.68005
2024-06-01 11:56:02.042,286.727847,286.68005
2024-06-01 11:56:02.553,297.243085,297.37036
2024-06-01 11:56:03.065,296.729376,297.37036
2024-06-01 11:56:03.577,296.729376,297.37036
2024-06-01 11:56:04.089,296.729376,297.37036
2024-06-01 11:56:04.601,286.232311,286.68005
2024-06-01 11:56:05.113,286.232311,286.68005
2024-06-01 11:56:05.625,286.232311,286.68005
2024-06-01 11:56:06.137,286.232311,286.68005
2024-06-01 11:56:06.649,328.22057,329.4411
2024-06-01 11:56:07.161,328.22057,329.4411
2024-06-01 11:56:07.673,328.22057,329.4411
2024-06-01 11:56:08.185,328.22057,329.4411
2024-06-01 11:56:08.697,317.723506,318.75092
2024-06-01 11:56:09.209,317.723506,318.75092
2024-06-01 11:56:09.721,317.723506,318.75092
2024-06-01 11:56:10.233,317.723506,318.75092
2024-06-01 11:56:10.745,317.723506,318.75092
2024-06-01 11:56:11.257,317.723506,318.75092
2024-06-01 11:56:11.769,317.723506,318.75092
2024-06-01 11:56:12.281,317.723506,318.75092
2024-06-01 11:56:12.793,317.723506,318.75092
2024-06-01 11:56:13.305,317.723506,318.75092
2024-06-01 11:56:13.817,317.723506,318.75092
2024-06-01 11:56:14.329,317.723506,318.75092
2024-06-01 11:56:14.841,317.723506,318.75092
2024-06-01 11:56:15.353,317.723506,318.75092
2024-06-01 11:56:15.865,317.723506,317.76672
2024-06-01 11:56:16.377,317.723506,317.76672
2024-06-01 11:56:16.889,328.22057,328.44528
2024-06-01 11:56:17.401,328.22057,328.44528
2024-06-01 11:56:17.913,328.22057,328.44528
2024-06-01 11:56:18.425,328.22057,328.44528
2024-06-01 11:56:18.937,317.723506,317.76672
2024-06-01 11:56:19.449,317.723506,317.76672
2024-06-01 11:56:19.961,317.723506,317.76672
2024-06-01 11:56:20.473,317.723506,317.76672
2024-06-01 11:56:20.985,317.723506,317.76672
2024-06-01 11:56:21.497,317.723506,317.76672
2024-06-01 11:56:22.009,317.723506,317.76672
2024-06-01 11:56:22.521,317.723506,317.76672
2024-06-01 11:56:23.033,317.723506,317.76672
2024-06-01 11:56:23.545,317.723506,317.76672
2024-06-01 11:56:24.057,317.723506,317.76672
2024-06-01 11:56:24.569,317.723506,317.76672
2024-06-01 11:56:25.081,328.22057,328.44528
2024-06-01 11:56:25.593,328.22057,328.44528
2024-06-01 11:56:26.105,328.22057,328.44528
2024-06-01 11:56:26.617,328.22057,328.44528
2024-06-01 11:56:27.129,328.22057,328.44528
2024-06-01 11:56:27.641,328.22057,328.44528
2024-06-01 11:56:28.153,328.22057,328.44528
2024-06-01 11:56:28.665,328.22057,328.44528
2024-06-01 11:56:29.177,338.717635,339.1239
2024-06-01 11:56:29.689,338.717635,339.1239
2024-06-01 11:56:30.201,338.717635,339.1239
2024-06-01 11:56:30.713,338.717635,339.1239
2024-06-01 11:56:31.225,328.22057,328.44528
2024-06-01 11:56:31.737,328.22057,328.44528
2024-06-01 11:56:32.249,328.22057,328.44528
2024-06-01 11:56:32.761,328.22057,328.44528
2024-06-01 11:56:33.273,296.729376,296.40955
2024-06-01 11:56:33.785,297.243085,296.40955
2024-06-01 11:56:34.297,297.243085,296.40955
2024-06-01 11:56:34.809,297.243085,296.40955
2024-06-01 11:56:35.321,318.27356,317.76672
2024-06-01 11:56:35.833,318.27356,317.76672
2024-06-01 11:56:36.345,318.27356,317.76672
2024-06-01 11:56:36.857,318.27356,317.76672
2024-06-01 11:56:37.369,307.758322,307.0881
2024-06-01 11:56:37.881,307.758322,307.0881
2024-06-01 11:56:38.393,307.758322,307.08813
2024-06-01 11:56:38.905,307.758322,307.08813
2024-06-01 11:56:39.417,307.758322,307.0881
2024-06-01 11:56:39.929,307.758322,307.0881
2024-06-01 11:56:40.441,307.758322,307.0881
2024-06-01 11:56:40.953,307.758322,307.0881
2024-06-01 11:56:41.465,318.27356,317.76672
2024-06-01 11:56:41.977,318.27356,317.76672
2024-06-01 11:56:42.489,318.27356,317.76672
2024-06-01 11:56:43.001,318.27356,317.76672
2024-06-01 11:56:43.513,307.758322,307.0881
2024-06-01 11:56:44.025,307.758322,307.0881
2024-06-01 11:56:44.537,307.758322,307.0881
2024-06-01 11:56:45.049,307.758322,307.0881
2024-06-01 11:56:45.561,328.788798,328.44528
2024-06-01 11:56:46.073,328.788798,328.44528
2024-06-01 11:56:46.585,328.788798,328.44528
2024-06-01 11:56:47.097,328.788798,328.44528
2024-06-01 11:56:47.609,307.758322,307.0881
2024-06-01 11:56:48.121,307.758322,307.0881
2024-06-01 11:56:48.633,307.758322,307.42416
2024-06-01 11:56:49.145,307.758322,307.42416
2024-06-01 11:56:49.657,318.27356,318.10275
2024-06-01 11:56:50.169,318.27356,318.10275
2024-06-01 11:56:50.681,318.27356,318.10275
2024-06-01 11:56:51.193,318.27356,318.10275
2024-06-01 11:56:51.705,307.758322,307.42416
2024-06-01 11:56:52.217,307.758322,307.42416
2024-06-01 11:56:52.729,307.758322,307.42416
2024-06-01 11:56:53.241,307.758322,307.42416
2024-06-01 11:56:53.753,307.758322,307.42416
2024-06-01 11:56:54.265,307.758322,307.42416
2024-06-01 11:56:54.777,307.758322,307.42413
2024-06-01 11:56:55.289,307.758322,307.42413
2024-06-01 11:56:55.801,339.304035,339.48038
2024-06-01 11:56:56.313,339.304035,339.48038
2024-06-01 11:56:56.825,339.304035,339.48038
2024-06-01 11:56:57.337,339.304035,339.48038
2024-06-01 11:56:57.849,307.758322,307.42416
2024-06-01 11:56:58.361,307.758322,307.42416
2024-06-01 11:56:58.873,307.758322,307.42416
2024-06-01 11:56:59.385,307.758322,307.42416
2024-06-01 11:56:59.897,307.758322,307.42416
2024-06-01 11:57:00.409,307.758322,307.42416
2024-06-01 11:57:00.921,307.758322,307.42416
2024-06-01 11:57:01.433,307.758322,307.42416
2024-06-01 11:57:01.945,328.788798,328.7901
2024-06-01 11:57:02.457,328.788798,328.7901
2024-06-01 11:57:02.969,328.788798,328.7901
2024-06-01 11:57:03.481,328.788798,328.7901
2024-06-01 11:57:03.993,328.788798,328.7901
2024-06-01 11:57:04.505,328.788798,328.7901
2024-06-01 11:57:05.017,328.788798,328.7901
2024-06-01 11:57:05.529,328.788798,328.7901
2024-06-01 11:57:06.041,349.819273,350.1707
2024-06-01 11:57:06.553,349.819273,350.1707
2024-06-01 11:57:07.065,349.819273,350.1707
2024-06-01 11:57:07.577,349.819273,350.1707
2024-06-01 11:57:08.089,349.819273,350.1707
2024-06-01 11:57:08.601,349.819273,350.1707
2024-06-01 11:57:09.113,349.819273,350.1707
2024-06-01 11:57:09.625,349.819273,350.1707
2024-06-01 11:57:10.137,339.304035,339.48038
2024-06-01 11:57:10.649,338.717635,339.48038
2024-06-01 11:57:11.161,338.717635,339.4804
2024-06-01 11:57:11.673,338.717635,339.4804
2024-06-01 11:57:12.185,338.717635,339.48038
2024-06-01 11:57:12.697,339.304035,339.48038
2024-06-01 11:57:13.209,339.304035,339.48038
2024-06-01 11:57:13.721,339.304035,339.48038
2024-06-01 11:57:14.233,360.334511,360.86096
2024-06-01 11:57:14.745,360.334511,360.86096
2024-06-01 11:57:15.257,360.334511,360.86096
2024-06-01 11:57:15.769,360.334511,360.86096
2024-06-01 11:57:16.281,349.819273,350.1707
2024-06-01 11:57:16.793,349.819273,350.1707
2024-06-01 11:57:17.305,349.819273,350.1707
2024-06-01 11:57:17.817,349.819273,350.1707
2024-06-01 11:57:18.329,339.304035,339.48038
2024-06-01 11:57:18.841,339.304035,339.48038
2024-06-01 11:57:19.353,339.304035,339.48038
2024-06-01 11:57:19.865,339.304035,339.48038
2024-06-01 11:57:20.377,381.364986,382.24146
2024-06-01 11:57:20.889,381.364986,382.24146
2024-06-01 11:57:21.401,381.364986,381.50223
2024-06-01 11:57:21.913,381.364986,381.50223
2024-06-01 11:57:22.425,349.819273,349.4665
2024-06-01 11:57:22.937,349.819273,349.4665
2024-06-01 11:57:23.449,349.819273,349.4665
2024-06-01 11:57:23.961,349.819273,349.4665
2024-06-01 11:57:24.473,328.788798,328.1093
2024-06-01 11:57:24.985,328.788798,328.1093
2024-06-01 11:57:25.497,328.788798,328.1093
2024-06-01 11:57:26.009,328.788798,328.1093
2024-06-01 11:57:26.521,391.880224,392.18082
2024-06-01 11:57:27.033,391.880224,392.18082
2024-06-01 11:57:27.545,391.880224,392.18085
2024-06-01 11:57:28.057,391.880224,392.18085
2024-06-01 11:57:28.569,328.788798,328.1093
2024-06-01 11:57:29.081,328.788798,328.1093
2024-06-01 11:57:29.593,328.788798,328.1093
2024-06-01 11:57:30.105,328.788798,328.1093
2024-06-01 11:57:30.617,328.788798,328.1093
2024-06-01 11:57:31.129,328.22057,328.1093
2024-06-01 11:57:31.641,328.22057,328.1093
2024-06-01 11:57:32.153,328.22057,328.1093
2024-06-01 11:57:32.665,328.22057,328.1093
2024-06-01 11:57:33.177,328.788798,328.1093
2024-06-01 11:57:33.689,328.788798,328.1093
2024-06-01 11:57:34.201,328.788798,328.1093
2024-06-01 11:57:34.713,318.27356,317.43073
2024-06-01 11:57:35.224,318.27356,317.43073
2024-06-01 11:57:35.736,318.27356,317.43073
2024-06-01 11:57:36.248,318.27356,317.43073
2024-06-01 11:57:36.760,328.788798,328.1093
2024-06-01 11:57:37.272,328.788798,328.1093
2024-06-01 11:57:37.784,328.788798,328.1093
2024-06-01 11:57:38.296,328.788798,328.1093
2024-06-01 11:57:38.808,328.788798,328.1093
2024-06-01 11:57:39.320,328.788798,328.1093
2024-06-01 11:57:39.832,328.788798,328.1093
2024-06-01 11:57:40.344,328.788798,328.1093
2024-06-01 11:57:40.856,339.304035,338.78787
2024-06-01 11:57:41.368,338.717635,338.78787
2024-06-01 11:57:41.880,338.717635,338.78787
2024-06-01 11:57:42.392,338.717635,338.78787
2024-06-01 11:57:42.904,328.22057,328.1093
2024-06-01 11:57:43.416,328.788798,328.1093
2024-06-01 11:57:43.928,328.788798,328.10925
2024-06-01 11:57:44.440,328.788798,328.10925
2024-06-01 11:57:44.952,318.27356,317.43073
2024-06-01 11:57:45.464,318.27356,317.43073
2024-06-01 11:57:45.976,318.27356,317.43073
2024-06-01 11:57:46.488,318.27356,317.43073
2024-06-01 11:57:47.000,318.27356,317.43073
2024-06-01 11:57:47.512,318.27356,317.43073
2024-06-01 11:57:48.024,318.27356,317.43073
2024-06-01 11:57:48.536,318.27356,317.43073
2024-06-01 11:57:49.048,318.27356,317.43073
2024-06-01 11:57:49.560,318.27356,317.43073
2024-06-01 11:57:50.072,318.27356,317.43073
2024-06-01 11:57:50.584,318.27356,317.43073
2024-06-01 11:57:51.096,349.819273,349.4665
2024-06-01 11:57:51.608,349.819273,349.4665
2024-06-01 11:57:52.120,349.819273,349.4665
2024-06-01 11:57:52.632,349.819273,349.4665
2024-06-01 11:57:53.144,318.27356,317.43073
2024-06-01 11:57:53.656,318.27356,317.43073
2024-06-01 11:57:54.168,318.27356,317.43073
2024-06-01 11:57:54.680,318.27356,317.43073
2024-06-01 11:57:55.192,318.27356,317.43073
2024-06-01 11:57:55.704,318.27356,317.43073
2024-06-01 11:57:56.216,318.27356,317.43073
2024-06-01 11:57:56.728,318.27356,317.43073
2024-06-01 11:57:57.240,339.304035,338.78787
2024-06-01 11:57:57.752,339.304035,338.78787
2024-06-01 11:57:58.264,339.304035,338.78787
2024-06-01 11:57:58.776,339.304035,338.78787
2024-06-01 11:57:59.288,318.27356,317.43073
2024-06-01 11:57:59.800,318.27356,317.43073
2024-06-01 11:58:00.312,318.27356,317.43073
2024-06-01 11:58:00.824,318.27356,317.43073
2024-06-01 11:58:01.336,328.788798,328.1093
2024-06-01 11:58:01.848,328.788798,328.1093
2024-06-01 11:58:02.360,328.788798,328.1093
2024-06-01 11:58:02.872,328.788798,328.1093
2024-06-01 11:58:03.384,328.788798,328.1093
2024-06-01 11:58:03.896,328.788798,328.1093
2024-06-01 11:58:04.408,328.788798,328.1093
2024-06-01 11:58:04.920,328.788798,328.1093
2024-06-01 11:58:05.432,328.788798,328.1093
2024-06-01 11:58:05.944,328.788798,328.1093
2024-06-01 11:58:06.456,328.788798,328.1093
2024-06-01 11:58:06.968,328.788798,328.1093
2024-06-01 11:58:07.480,318.27356,317.43073
2024-06-01 11:58:07.992,318.27356,317.43073
2024-06-01 11:58:08.504,318.27356,317.43073
2024-06-01 11:58:09.016,318.27356,317.43073
2024-06-01 11:58:09.528,339.304035,338.78787
2024-06-01 11:58:10.040,339.304035,338.78787
2024-06-01 11:58:10.552,339.304035,338.78787
2024-06-01 11:58:11.064,339.304035,338.78787
2024-06-01 11:58:11.576,339.304035,338.78787
2024-06-01 11:58:12.088,339.304035,338.78787
2024-06-01 11:58:12.600,339.304035,338.78787
2024-06-01 11:58:13.112,339.304035,338.78787
2024-06-01 11:58:13.624,328.788798,328.1093
2024-06-01 11:58:14.136,328.788798,328.1093
2024-06-01 11:58:14.648,328.788798,328.1093
2024-06-01 11:58:15.160,328.788798,328.1093
2024-06-01 11:58:15.672,370.849748,370.82364
2024-06-01 11:58:16.184,370.849748,370.82364
2024-06-01 11:58:16.696,370.849748,370.82367
2024-06-01 11:58:17.208,370.849748,370.82367
2024-06-01 11:58:17.720,328.788798,328.1093
2024-06-01 11:58:18.232,328.788798,328.1093
2024-06-01 11:58:18.744,328.788798,328.1093
2024-06-01 11:58:19.256,328.788798,328.1093
2024-06-01 11:58:19.768,328.788798,328.1093
2024-06-01 11:58:20.280,328.788798,328.1093
2024-06-01 11:58:20.792,328.788798,328.1093
2024-06-01 11:58:21.304,328.788798,328.1093
2024-06-01 11:58:21.816,328.788798,328.1093
2024-06-01 11:58:22.328,328.788798,328.1093
2024-06-01 11:58:22.840,328.788798,328.1093
2024-06-01 11:58:23.352,328.788798,328.1093
2024-06-01 11:58:23.864,328.788798,328.1093
2024-06-01 11:58:24.376,328.788798,328.1093
2024-06-01 11:58:24.888,328.788798,328.1093
2024-06-01 11:58:25.400,328.788798,328.1093
2024-06-01 11:58:25.912,328.788798,328.1093
2024-06-01 11:58:26.424,328.788798,328.1093
2024-06-01 11:58:26.936,328.788798,328.1093
2024-06-01 11:58:27.448,328.788798,328.1093
2024-06-01 11:58:27.960,328.788798,328.1093
2024-06-01 11:58:28.472,328.788798,328.1093
2024-06-01 11:58:28.984,328.788798,328.1093
2024-06-01 11:58:29.496,328.788798,328.1093
2024-06-01 11:58:30.008,328.788798,328.1093
2024-06-01 11:58:30.520,328.788798,328.1093
2024-06-01 11:58:31.032,328.788798,328.1093
2024-06-01 11:58:31.544,328.788798,328.1093
2024-06-01 11:58:32.056,339.304035,338.78787
2024-06-01 11:58:32.568,339.304035,338.78787
2024-06-01 11:58:33.080,339.304035,338.7879
2024-06-01 11:58:33.592,339.304035,338.7879
2024-06-01 11:58:34.104,339.304035,338.78787
2024-06-01 11:58:34.616,339.304035,338.78787
2024-06-01 11:58:35.128,339.304035,338.78787
2024-06-01 11:58:35.640,339.304035,338.78787
2024-06-01 11:58:36.152,307.758322,306.7521
2024-06-01 11:58:36.664,307.758322,306.7521
2024-06-01 11:58:37.176,307.758322,306.7521
2024-06-01 11:58:37.688,307.758322,306.7521
2024-06-01 11:58:38.200,328.788798,328.1093
2024-06-01 11:58:38.712,328.788798,328.1093
