timestamp,Actual,Predicted
2024-06-01 18:02:38.855,40.987313,40.941032
2024-06-01 18:02:39.367,40.987313,40.941032
2024-06-01 18:02:39.879,40.987313,40.937527
2024-06-01 18:02:40.391,40.987313,40.937527
2024-06-01 18:02:40.903,40.987313,40.937527
2024-06-01 18:02:41.415,40.987313,40.937527
2024-06-01 18:02:41.927,40.987313,40.947685
2024-06-01 18:02:42.439,40.987313,40.947685
2024-06-01 18:02:42.951,40.987313,40.969734
2024-06-01 18:05:43.685,40.987313,40.969734
2024-06-01 18:05:44.197,40.987313,40.959984
2024-06-01 18:05:44.709,40.916476,40.959984
2024-06-01 18:05:45.221,40.916476,40.959984
2024-06-01 18:05:45.733,40.916476,40.959984
2024-06-01 18:05:46.245,40.916476,40.96227
2024-06-01 18:05:46.757,40.916476,40.96227
2024-06-01 18:05:47.269,40.916476,40.96227
2024-06-01 18:05:47.781,40.916476,40.96227
2024-06-01 18:05:48.293,40.916476,40.959984
2024-06-01 18:05:48.805,40.84564,40.959984
2024-06-01 18:05:49.317,40.84564,40.959984
2024-06-01 18:05:49.829,40.84564,40.959984
2024-06-01 18:05:50.341,40.84564,40.966007
2024-06-01 18:05:50.853,40.916476,40.966007
2024-06-01 18:05:51.365,40.916476,40.966007
2024-06-01 18:05:51.877,40.916476,40.966007
2024-06-01 18:05:52.389,40.916476,40.96227
2024-06-01 18:05:52.901,40.916476,40.96227
2024-06-01 18:05:53.413,40.916476,40.96227
2024-06-01 18:05:53.925,40.916476,40.96227
2024-06-01 18:05:54.437,40.916476,40.96227
2024-06-01 18:05:54.949,40.916476,40.96227
2024-06-01 18:05:55.461,40.916476,40.96227
2024-06-01 18:05:55.973,40.916476,40.96227
2024-06-01 18:05:56.485,40.916476,40.96227
2024-06-01 18:05:56.997,40.916476,40.96227
2024-06-01 18:05:57.509,40.916476,40.96227
2024-06-01 18:05:58.021,40.916476,40.96227
2024-06-01 18:05:58.533,40.916476,40.959984
2024-06-01 18:05:59.045,40.916476,40.959984
2024-06-01 18:05:59.557,40.916476,40.93134
2024-06-01 18:09:00.291,40.916476,40.93134
2024-06-01 18:09:00.803,40.916476,40.972702
2024-06-01 18:09:01.315,40.916476,40.972702
2024-06-01 18:09:01.827,40.916476,40.972702
2024-06-01 18:09:02.339,40.916476,40.972702
2024-06-01 18:09:02.851,40.916476,40.99283
2024-06-01 18:09:03.363,40.916476,40.99283
2024-06-01 18:09:03.875,40.916476,40.99283
2024-06-01 18:09:04.387,40.916476,40.99283
2024-06-01 18:09:04.899,40.916476,40.998207
2024-06-01 18:09:05.411,40.916476,40.998207
2024-06-01 18:09:05.923,40.916476,40.998207
2024-06-01 18:09:06.435,40.916476,40.998207
2024-06-01 18:09:06.947,40.916476,40.998207
2024-06-01 18:09:07.459,40.916476,40.998207
2024-06-01 18:09:07.971,40.916476,40.998207
2024-06-01 18:09:08.483,40.916476,40.998207
2024-06-01 18:09:08.995,40.916476,40.99283
2024-06-01 18:09:09.507,40.916476,40.99283
2024-06-01 18:09:10.019,40.916476,40.99283
2024-06-01 18:09:10.531,40.916476,40.99283
2024-06-01 18:09:11.043,40.916476,40.992825
2024-06-01 18:09:11.555,40.916476,40.992825
2024-06-01 18:09:12.067,40.916476,40.99283
2024-06-01 18:09:12.579,40.916476,40.99283
2024-06-01 18:09:13.091,40.916476,40.99283
2024-06-01 18:09:13.603,40.916476,40.99283
2024-06-01 18:09:14.115,40.916476,40.99283
2024-06-01 18:09:14.627,40.916476,40.99283
2024-06-01 18:09:15.139,40.916476,40.99283
2024-06-01 18:09:15.651,40.916476,40.99283
2024-06-01 18:09:16.163,40.916476,40.971405
2024-06-01 18:12:16.897,40.916476,40.971405
2024-06-01 18:12:17.409,40.916476,40.98391
2024-06-01 18:12:17.921,40.916476,40.98391
2024-06-01 18:12:18.433,40.916476,40.98391
2024-06-01 18:12:18.945,40.916476,40.98391
2024-06-01 18:12:19.457,40.916476,40.98391
2024-06-01 18:12:19.969,40.916476,40.98391
2024-06-01 18:12:20.481,40.916476,40.98391
2024-06-01 18:12:20.993,40.916476,40.98391
2024-06-01 18:12:21.505,40.916476,40.991516
2024-06-01 18:12:22.017,40.916476,40.991516
2024-06-01 18:12:22.529,40.916476,40.991516
2024-06-01 18:12:23.041,40.916476,40.991516
2024-06-01 18:12:23.553,40.916476,40.987946
2024-06-01 18:12:24.065,40.916476,40.987946
2024-06-01 18:12:24.577,40.916476,40.987946
2024-06-01 18:12:25.089,40.916476,40.987946
2024-06-01 18:12:25.601,40.916476,40.991516
2024-06-01 18:12:26.113,40.916476,40.991516
2024-06-01 18:12:26.625,40.916476,40.991516
2024-06-01 18:12:27.137,40.916476,40.991516
2024-06-01 18:12:27.649,40.916476,40.98391
2024-06-01 18:12:28.161,40.916476,40.98391
2024-06-01 18:12:28.673,40.916476,40.98391
2024-06-01 18:12:29.185,40.916476,40.98391
2024-06-01 18:12:29.697,40.916476,40.987946
2024-06-01 18:12:30.209,40.916476,40.987946
2024-06-01 18:12:30.721,40.916476,40.987946
2024-06-01 18:12:31.233,40.916476,40.987946
2024-06-01 18:12:31.745,40.916476,40.991516
2024-06-01 18:12:32.257,40.916476,40.991516
2024-06-01 18:12:32.769,40.916476,40.935677
2024-06-01 18:15:33.503,40.916476,40.935677
2024-06-01 18:15:34.015,40.916476,40.93723
2024-06-01 18:15:34.527,40.916476,40.93723
2024-06-01 18:15:35.039,40.916476,40.93723
2024-06-01 18:15:35.551,40.916476,40.93723
2024-06-01 18:15:36.063,40.916476,40.93034
2024-06-01 18:15:36.575,40.916476,40.93034
2024-06-01 18:15:37.087,40.916476,40.93034
2024-06-01 18:15:37.599,40.916476,40.93034
2024-06-01 18:15:38.111,40.916476,40.93723
2024-06-01 18:15:38.623,40.916476,40.93723
2024-06-01 18:15:39.135,40.916476,40.93723
2024-06-01 18:15:39.647,40.916476,40.93723
2024-06-01 18:15:40.159,40.916476,40.928688
2024-06-01 18:15:40.671,40.916476,40.928688
2024-06-01 18:15:41.183,40.916476,40.928688
2024-06-01 18:15:41.695,40.916476,40.928688
2024-06-01 18:15:42.207,40.916476,40.93034
2024-06-01 18:15:42.719,40.916476,40.93034
2024-06-01 18:15:43.231,40.916476,40.93034
2024-06-01 18:15:43.743,40.916476,40.93034
2024-06-01 18:15:44.255,40.916476,40.937225
2024-06-01 18:15:44.767,40.916476,40.937225
2024-06-01 18:15:45.279,40.916476,40.93723
2024-06-01 18:15:45.791,40.916476,40.93723
2024-06-01 18:15:46.303,40.916476,40.928688
2024-06-01 18:15:46.815,40.916476,40.928688
2024-06-01 18:15:47.327,40.916476,40.928688
2024-06-01 18:15:47.839,40.916476,40.928688
2024-06-01 18:15:48.351,40.916476,40.93723
2024-06-01 18:15:48.863,40.916476,40.93723
2024-06-01 18:15:49.375,40.916476,40.9215
2024-06-01 18:18:30.141,40.916476,40.99874
2024-06-01 18:18:30.653,40.84564,40.99874
2024-06-01 18:18:31.165,40.84564,40.99874
2024-06-01 18:18:31.677,40.84564,40.99874
2024-06-01 18:18:32.189,40.84564,40.99874
2024-06-01 18:18:32.701,40.84564,40.99874
2024-06-01 18:18:33.213,40.84564,40.99874
2024-06-01 18:18:33.725,40.84564,40.99874
2024-06-01 18:18:34.237,40.84564,41.016716
2024-06-01 18:18:34.749,40.916476,41.016716
2024-06-01 18:18:35.261,40.916476,41.016716
2024-06-01 18:18:35.773,40.916476,41.016716
2024-06-01 18:18:36.285,40.916476,40.99874
2024-06-01 18:18:36.797,40.84564,40.935642
2024-06-01 18:18:37.309,40.84564,40.935642
2024-06-01 18:18:37.821,40.84564,40.99874
2024-06-01 18:18:38.333,40.84564,40.980774
2024-06-01 18:18:38.845,40.84564,40.980774
2024-06-01 18:18:39.357,40.84564,40.980774
2024-06-01 18:18:39.869,40.84564,40.980774
2024-06-01 18:18:40.381,40.84564,40.99874
2024-06-01 18:18:40.893,40.84564,40.998745
2024-06-01 18:18:41.405,40.84564,40.998745
2024-06-01 18:18:41.917,40.84564,40.99874
2024-06-01 18:18:42.429,40.84564,40.980774
2024-06-01 18:18:42.941,40.84564,40.791348
2024-06-01 18:18:43.453,40.84564,40.791348
2024-06-01 18:18:43.965,40.84564,40.980774
2024-06-01 18:18:44.477,40.84564,41.016716
2024-06-01 18:18:44.989,40.84564,41.016716
2024-06-01 18:18:45.501,40.84564,41.016716
2024-06-01 18:18:46.013,40.84564,40.891994
2024-06-01 18:18:46.525,40.84564,40.875954
2024-06-01 18:18:47.037,40.84564,40.99874
2024-06-01 18:18:47.549,40.84564,40.99874
2024-06-01 18:18:48.061,40.84564,40.99874
2024-06-01 18:18:48.573,40.84564,40.980774
2024-06-01 18:18:49.085,40.916476,40.980774
2024-06-01 18:18:49.597,40.916476,40.969696
2024-06-01 18:18:50.109,40.916476,40.969696
2024-06-01 18:18:50.621,40.916476,40.96756
2024-06-01 18:18:51.133,40.916476,40.96756
2024-06-01 18:18:51.645,40.916476,40.96756
2024-06-01 18:18:52.157,40.916476,40.96756
2024-06-01 18:18:52.669,40.916476,40.965164
2024-06-01 18:18:53.181,40.916476,40.965164
2024-06-01 18:18:53.693,40.916476,40.965164
2024-06-01 18:18:54.205,40.916476,40.965164
2024-06-01 18:18:54.717,40.916476,40.96756
2024-06-01 18:18:55.229,40.916476,40.96756
2024-06-01 18:18:55.741,40.916476,40.96756
2024-06-01 18:18:56.253,40.916476,40.96756
2024-06-01 18:18:56.765,40.916476,40.96756
2024-06-01 18:18:57.277,40.916476,40.967564
2024-06-01 18:18:57.789,40.916476,40.967564
2024-06-01 18:18:58.301,40.916476,40.96756
2024-06-01 18:18:58.813,40.916476,40.96756
2024-06-01 18:18:59.325,40.916476,40.96756
2024-06-01 18:18:59.837,40.916476,40.96756
2024-06-01 18:19:00.349,40.916476,40.96756
2024-06-01 18:19:00.861,40.916476,40.96756
2024-06-01 18:19:01.373,40.84564,40.96756
2024-06-01 18:19:01.885,40.84564,40.96756
2024-06-01 18:19:02.397,40.84564,40.96756
2024-06-01 18:19:02.909,40.84564,40.96756
2024-06-01 18:19:03.421,40.916476,40.96756
2024-06-01 18:19:03.933,40.916476,40.96756
2024-06-01 18:19:04.445,40.916476,40.96756
2024-06-01 18:19:04.957,40.916476,40.96756
2024-06-01 18:19:05.469,40.916476,40.96756
2024-06-01 18:19:05.981,40.916476,40.96756
2024-06-01 18:19:06.493,40.916476,40.96756
2024-06-01 18:19:07.005,40.916476,40.96756
2024-06-01 18:19:07.517,40.916476,40.96756
2024-06-01 18:19:08.029,40.916476,40.96756
2024-06-01 18:19:08.541,40.916476,40.96756
2024-06-01 18:19:09.053,40.916476,40.96756
2024-06-01 18:19:09.565,40.84564,40.96756
2024-06-01 18:19:10.077,40.84564,40.96756
2024-06-01 18:19:10.589,40.84564,40.96756
2024-06-01 18:19:11.101,40.84564,40.965164
2024-06-01 18:19:11.613,40.84564,40.965164
2024-06-01 18:19:12.125,40.84564,40.965164
2024-06-01 18:19:12.637,40.84564,40.965164
2024-06-01 18:19:13.149,40.84564,40.96756
2024-06-01 18:19:13.661,40.84564,40.94077
2024-06-01 18:19:14.173,40.84564,40.94077
2024-06-01 18:19:14.685,40.84564,40.96756
2024-06-01 18:19:15.197,40.84564,40.965164
2024-06-01 18:19:15.709,40.916476,40.965164
2024-06-01 18:19:16.221,40.916476,40.965164
2024-06-01 18:19:16.733,40.916476,40.965164
2024-06-01 18:19:17.245,40.916476,40.96756
2024-06-01 18:19:17.757,40.916476,40.96756
2024-06-01 18:19:18.269,40.916476,40.96756
2024-06-01 18:19:18.781,40.916476,40.96756
2024-06-01 18:19:19.293,40.916476,40.96756
2024-06-01 18:19:19.805,40.916476,40.96756
2024-06-01 18:19:20.317,40.916476,40.96756
2024-06-01 18:19:20.829,40.916476,40.96756
2024-06-01 18:19:21.341,40.916476,40.965164
2024-06-01 18:19:21.853,40.84564,40.965164
2024-06-01 18:19:22.365,40.84564,40.965164
2024-06-01 18:19:22.877,40.84564,40.965164
2024-06-01 18:19:23.389,40.84564,40.96756
2024-06-01 18:19:23.901,40.84564,40.96756
2024-06-01 18:19:24.413,40.84564,40.96756
2024-06-01 18:19:24.925,40.84564,40.96756
2024-06-01 18:19:25.437,40.84564,40.965164
2024-06-01 18:19:25.949,40.916476,40.965164
2024-06-01 18:19:26.461,40.916476,40.965164
2024-06-01 18:19:26.973,40.916476,40.912746
2024-06-01 18:19:27.485,40.916476,40.914436
2024-06-01 18:19:27.997,40.916476,40.96756
2024-06-01 18:19:28.509,40.916476,40.96756
2024-06-01 18:19:29.021,40.916476,40.96756
2024-06-01 18:19:29.533,40.916476,40.969696
2024-06-01 18:19:30.045,40.916476,40.969696
2024-06-01 18:19:30.557,40.916476,40.969696
2024-06-01 18:19:31.069,40.916476,40.969696
2024-06-01 18:19:31.581,40.916476,40.965164
2024-06-01 18:19:32.093,40.84564,40.965164
2024-06-01 18:19:32.605,40.84564,40.965164
2024-06-01 18:19:33.117,40.84564,40.965164
2024-06-01 18:19:33.629,40.84564,40.96756
2024-06-01 18:19:34.141,40.84564,40.96756
2024-06-01 18:19:34.652,40.84564,40.96756
2024-06-01 18:19:35.164,40.84564,40.96756
2024-06-01 18:19:35.676,40.84564,40.965164
2024-06-01 18:19:36.188,40.916476,40.965164
2024-06-01 18:19:36.700,40.916476,40.965164
2024-06-01 18:19:37.212,40.916476,40.965164
2024-06-01 18:19:37.724,40.916476,40.96756
2024-06-01 18:19:38.236,40.84564,40.96756
2024-06-01 18:19:38.748,40.84564,40.96756
2024-06-01 18:19:39.260,40.84564,40.96756
2024-06-01 18:19:39.772,40.84564,40.969696
2024-06-01 18:19:40.284,40.916476,40.969696
2024-06-01 18:19:40.796,40.916476,40.969696
2024-06-01 18:19:41.308,40.916476,40.969696
2024-06-01 18:19:41.820,40.916476,40.961422
2024-06-01 18:19:42.332,40.84564,40.961422
2024-06-01 18:19:42.844,40.84564,40.961422
2024-06-01 18:19:43.356,40.84564,40.961422
2024-06-01 18:19:43.868,40.84564,40.969696
2024-06-01 18:19:44.380,40.84564,40.969696
2024-06-01 18:19:44.892,40.84564,40.969696
2024-06-01 18:19:45.404,40.84564,40.969696
2024-06-01 18:19:45.916,40.84564,40.96756
2024-06-01 18:19:46.428,40.84564,40.967564
2024-06-01 18:19:46.940,40.84564,40.967564
2024-06-01 18:19:47.452,40.84564,40.96756
2024-06-01 18:19:47.964,40.84564,40.969696
2024-06-01 18:19:48.476,40.84564,40.969696
2024-06-01 18:19:48.988,40.84564,40.969696
2024-06-01 18:19:49.500,40.84564,40.969696
2024-06-01 18:19:50.012,40.84564,40.971832
2024-06-01 18:19:50.524,40.916476,40.971832
2024-06-01 18:19:51.036,40.916476,40.971832
2024-06-01 18:19:51.548,40.916476,40.971832
2024-06-01 18:19:52.060,40.916476,40.961422
2024-06-01 18:19:52.572,40.84564,40.961422
2024-06-01 18:19:53.084,40.84564,40.961422
2024-06-01 18:19:53.596,40.84564,40.961422
2024-06-01 18:19:54.108,40.84564,40.971832
2024-06-01 18:19:54.620,40.84564,40.971832
2024-06-01 18:19:55.132,40.84564,40.970573
2024-06-01 18:19:55.644,40.84564,40.970573
2024-06-01 18:19:56.156,40.84564,40.968445
2024-06-01 18:19:56.668,40.916476,40.968445
2024-06-01 18:19:57.180,40.916476,40.968445
2024-06-01 18:19:57.692,40.916476,40.968445
2024-06-01 18:19:58.204,40.916476,40.968445
2024-06-01 18:19:58.716,40.916476,40.968445
2024-06-01 18:19:59.228,40.916476,40.968445
2024-06-01 18:19:59.740,40.916476,40.968445
2024-06-01 18:20:00.252,40.916476,40.970573
2024-06-01 18:20:00.764,40.916476,40.970573
2024-06-01 18:20:01.276,40.916476,40.970573
2024-06-01 18:20:01.788,40.916476,40.970573
2024-06-01 18:20:02.300,40.916476,40.95764
2024-06-01 18:20:02.812,40.916476,40.957638
2024-06-01 18:20:03.324,40.916476,40.957638
2024-06-01 18:20:03.836,40.916476,40.95764
2024-06-01 18:20:04.348,40.916476,40.968445
2024-06-01 18:20:04.860,40.916476,40.968445
2024-06-01 18:20:05.372,40.916476,40.968445
2024-06-01 18:20:05.884,40.916476,40.968445
2024-06-01 18:20:06.396,40.916476,40.970573
2024-06-01 18:20:06.908,40.84564,40.970573
2024-06-01 18:20:07.420,40.84564,40.970573
2024-06-01 18:20:07.932,40.84564,40.970573
2024-06-01 18:20:08.444,40.84564,40.968445
2024-06-01 18:20:08.956,40.916476,40.968445
2024-06-01 18:20:09.468,40.916476,40.968445
2024-06-01 18:20:09.980,40.916476,40.968445
2024-06-01 18:20:10.492,40.916476,40.970573
2024-06-01 18:20:11.004,40.916476,40.970573
2024-06-01 18:20:11.516,40.916476,40.970573
2024-06-01 18:20:12.028,40.916476,40.970573
2024-06-01 18:20:12.540,40.916476,40.96182
2024-06-01 18:20:13.052,40.916476,40.96182
2024-06-01 18:20:13.564,40.916476,40.96182
2024-06-01 18:20:14.076,40.916476,40.96182
2024-06-01 18:20:14.588,40.916476,40.968445
2024-06-01 18:20:15.100,40.84564,40.968445
2024-06-01 18:20:15.612,40.84564,40.968445
2024-06-01 18:20:16.124,40.84564,40.968445
2024-06-01 18:20:16.636,40.84564,40.968445
2024-06-01 18:20:17.148,40.916476,40.968445
2024-06-01 18:20:17.660,40.916476,40.968445
2024-06-01 18:20:18.172,40.916476,40.968445
2024-06-01 18:20:18.684,40.916476,40.970573
2024-06-01 18:20:19.196,40.916476,40.970577
2024-06-01 18:20:19.708,40.916476,40.970577
2024-06-01 18:20:20.220,40.916476,40.970573
2024-06-01 18:20:20.732,40.916476,40.968445
2024-06-01 18:20:21.244,40.916476,40.968445
2024-06-01 18:20:21.756,40.916476,40.968445
2024-06-01 18:20:22.268,40.916476,40.968445
2024-06-01 18:20:22.780,40.916476,40.966007
2024-06-01 18:20:23.292,40.916476,40.966007
2024-06-01 18:20:23.804,40.916476,40.966007
2024-06-01 18:20:24.316,40.916476,40.966007
2024-06-01 18:20:24.828,40.916476,40.970573
2024-06-01 18:20:25.340,40.84564,40.970573
2024-06-01 18:20:25.852,40.84564,40.970573
2024-06-01 18:20:26.364,40.84564,40.970573
2024-06-01 18:20:26.876,40.84564,40.968445
2024-06-01 18:20:27.388,40.916476,40.968445
2024-06-01 18:20:27.900,40.916476,40.968445
2024-06-01 18:20:28.412,40.916476,40.968445
2024-06-01 18:20:28.924,40.916476,40.968445
2024-06-01 18:20:29.436,40.84564,40.968445
2024-06-01 18:20:29.948,40.84564,40.968445
2024-06-01 18:20:30.460,40.84564,40.968445
2024-06-01 18:20:30.972,40.84564,40.968445
2024-06-01 18:20:31.484,40.84564,40.968445
2024-06-01 18:20:31.996,40.84564,40.968445
2024-06-01 18:20:32.508,40.84564,40.968445
2024-06-01 18:20:33.020,40.84564,40.966007
2024-06-01 18:20:33.532,40.916476,40.966007
2024-06-01 18:20:34.044,40.916476,40.966007
2024-06-01 18:20:34.556,40.916476,40.966007
2024-06-01 18:20:35.068,40.916476,40.968445
2024-06-01 18:20:35.580,40.916476,40.968437
2024-06-01 18:20:36.092,40.916476,40.968437
2024-06-01 18:20:36.604,40.916476,40.968445
2024-06-01 18:20:37.116,40.916476,40.970573
2024-06-01 18:20:37.628,40.916476,40.970573
2024-06-01 18:20:38.140,40.916476,40.970573
2024-06-01 18:20:38.652,40.916476,40.970573
2024-06-01 18:20:39.164,40.916476,40.968445
2024-06-01 18:20:39.676,40.916476,40.968445
2024-06-01 18:20:40.188,40.916476,40.968445
2024-06-01 18:20:40.700,40.916476,40.968445
2024-06-01 18:20:41.212,40.916476,40.970573
2024-06-01 18:20:41.724,40.916476,40.970573
2024-06-01 18:20:42.236,40.916476,40.970573
2024-06-01 18:20:42.748,40.916476,40.970573
2024-06-01 18:20:43.260,40.916476,40.966007
2024-06-01 18:20:43.772,40.916476,40.966007
2024-06-01 18:20:44.284,40.916476,40.966007
2024-06-01 18:20:44.796,40.916476,40.966007
2024-06-01 18:20:45.308,40.916476,40.968445
2024-06-01 18:20:45.820,40.916476,40.968445
2024-06-01 18:20:46.332,40.916476,40.968445
2024-06-01 18:20:46.844,40.916476,40.968445
2024-06-01 18:20:47.356,40.916476,40.968445
2024-06-01 18:20:47.868,40.916476,40.968445
2024-06-01 18:20:48.380,40.916476,40.968445
2024-06-01 18:20:48.892,40.916476,40.968445
2024-06-01 18:20:49.404,40.916476,40.968445
2024-06-01 18:20:49.916,40.84564,40.968445
2024-06-01 18:20:50.428,40.84564,40.968445
2024-06-01 18:20:50.940,40.84564,40.968445
2024-06-01 18:20:51.452,40.84564,40.968445
2024-06-01 18:20:51.964,40.916476,40.968437
2024-06-01 18:20:52.476,40.916476,40.968437
2024-06-01 18:20:52.988,40.916476,40.968445
2024-06-01 18:20:53.500,40.916476,40.966007
2024-06-01 18:20:54.012,40.84564,40.966007
2024-06-01 18:20:54.524,40.84564,40.966007
2024-06-01 18:20:55.036,40.84564,40.966007
2024-06-01 18:20:55.548,40.84564,40.966007
2024-06-01 18:20:56.060,40.916476,40.966007
2024-06-01 18:20:56.572,40.916476,40.966007
2024-06-01 18:20:57.084,40.916476,40.966007
2024-06-01 18:20:57.596,40.916476,40.96182
2024-06-01 18:20:58.108,40.916476,40.96182
2024-06-01 18:20:58.620,40.916476,40.96182
2024-06-01 18:20:59.132,40.916476,40.96182
2024-06-01 18:20:59.644,40.916476,40.968445
2024-06-01 18:21:00.156,40.916476,40.968445
2024-06-01 18:21:00.668,40.916476,40.968445
2024-06-01 18:21:01.180,40.916476,40.968445
2024-06-01 18:21:01.692,40.916476,40.966007
2024-06-01 18:21:02.204,40.916476,40.966007
2024-06-01 18:21:02.716,40.916476,40.966007
2024-06-01 18:21:03.228,40.916476,40.966007
2024-06-01 18:21:03.740,40.916476,40.966007
2024-06-01 18:21:04.252,40.916476,40.966007
2024-06-01 18:21:04.764,40.916476,40.966007
2024-06-01 18:21:05.276,40.916476,40.966007
2024-06-01 18:21:05.788,40.916476,40.966007
2024-06-01 18:21:06.300,40.916476,40.966007
2024-06-01 18:21:06.812,40.916476,40.966007
2024-06-01 18:21:07.323,40.916476,40.966007
2024-06-01 18:21:07.835,40.916476,40.968445
2024-06-01 18:21:08.347,40.916476,40.968437
2024-06-01 18:21:08.859,40.916476,40.968437
2024-06-01 18:21:09.371,40.916476,40.968445
2024-06-01 18:21:09.883,40.916476,40.968445
2024-06-01 18:21:10.395,40.916476,40.968445
2024-06-01 18:21:10.907,40.916476,40.968445
2024-06-01 18:21:11.419,40.916476,40.968445
2024-06-01 18:21:11.931,40.916476,40.968445
2024-06-01 18:21:12.443,40.916476,40.968445
2024-06-01 18:21:12.955,40.916476,40.968445
2024-06-01 18:21:13.467,40.916476,40.968445
2024-06-01 18:21:13.979,40.916476,40.966007
2024-06-01 18:21:14.491,40.84564,40.966007
2024-06-01 18:21:15.003,40.84564,40.966007
2024-06-01 18:21:15.515,40.84564,40.87049
2024-06-01 18:21:16.027,40.84564,40.817986
2024-06-01 18:21:16.539,40.916476,40.948006
2024-06-01 18:21:17.051,40.916476,40.948006
2024-06-01 18:21:17.563,40.916476,40.948006
2024-06-01 18:21:18.075,40.916476,40.970573
2024-06-01 18:21:18.587,40.916476,40.970573
2024-06-01 18:21:19.099,40.916476,40.970573
2024-06-01 18:21:19.611,40.916476,40.970573
2024-06-01 18:21:20.123,40.916476,40.968445
2024-06-01 18:21:20.635,40.916476,40.968445
2024-06-01 18:21:21.147,40.916476,40.968445
2024-06-01 18:21:21.659,40.916476,40.968445
2024-06-01 18:21:22.171,40.916476,40.966007
2024-06-01 18:21:22.683,40.916476,40.966007
2024-06-01 18:21:23.195,40.916476,40.966007
2024-06-01 18:21:23.707,40.916476,40.966007
2024-06-01 18:21:24.219,40.916476,40.966007
2024-06-01 18:21:24.731,40.916476,40.965996
2024-06-01 18:21:25.243,40.916476,40.965996
2024-06-01 18:21:25.755,40.916476,40.966007
2024-06-01 18:21:26.267,40.916476,40.96182
2024-06-01 18:21:26.779,40.916476,40.96182
2024-06-01 18:21:27.291,40.916476,40.96182
2024-06-01 18:21:27.803,40.916476,40.96182
2024-06-01 18:21:28.315,40.916476,40.968445
2024-06-01 18:21:28.827,40.916476,40.968445
2024-06-01 18:21:29.339,40.916476,40.968445
2024-06-01 18:21:29.851,40.916476,40.968445
2024-06-01 18:21:30.363,40.916476,40.970573
2024-06-01 18:21:30.875,40.916476,40.970573
2024-06-01 18:21:31.387,40.916476,40.970573
2024-06-01 18:21:31.899,40.916476,40.970573
2024-06-01 18:21:32.411,40.916476,40.968445
2024-06-01 18:21:32.923,40.916476,40.968445
2024-06-01 18:21:33.435,40.916476,40.968445
2024-06-01 18:21:33.947,40.916476,40.968445
2024-06-01 18:21:34.459,40.916476,40.968445
2024-06-01 18:21:34.971,40.916476,40.968445
2024-06-01 18:21:35.483,40.916476,40.968445
2024-06-01 18:21:35.995,40.916476,40.968445
2024-06-01 18:21:36.507,40.916476,40.966007
2024-06-01 18:21:37.019,40.916476,40.966007
2024-06-01 18:21:37.531,40.916476,40.966007
2024-06-01 18:21:38.043,40.916476,40.966007
2024-06-01 18:21:38.555,40.916476,40.968445
2024-06-01 18:21:39.067,40.916476,40.968445
2024-06-01 18:21:39.579,40.916476,40.968445
2024-06-01 18:21:40.091,40.916476,40.968445
2024-06-01 18:21:40.603,40.916476,40.968445
2024-06-01 18:21:41.115,40.84564,40.9415
2024-06-01 18:21:41.627,40.84564,40.9415
2024-06-01 18:21:42.139,40.84564,40.968445
2024-06-01 18:21:42.651,40.84564,40.970573
2024-06-01 18:21:43.163,40.916476,40.970573
2024-06-01 18:21:43.675,40.916476,40.970573
2024-06-01 18:21:44.187,40.916476,40.970573
2024-06-01 18:21:44.699,40.916476,40.968445
2024-06-01 18:21:45.211,40.916476,40.968445
2024-06-01 18:21:45.723,40.916476,40.968445
2024-06-01 18:21:46.235,40.916476,40.968445
2024-06-01 18:21:46.747,40.916476,40.96182
2024-06-01 18:21:47.259,40.916476,40.96182
2024-06-01 18:21:47.771,40.916476,40.96182
2024-06-01 18:21:48.283,40.916476,40.96182
2024-06-01 18:21:48.795,40.916476,40.968445
2024-06-01 18:21:49.307,40.916476,40.968445
2024-06-01 18:21:49.819,40.916476,40.968445
2024-06-01 18:21:50.331,40.916476,40.968445
2024-06-01 18:21:50.843,40.916476,40.968445
2024-06-01 18:21:51.355,40.916476,40.968445
2024-06-01 18:21:51.867,40.916476,40.968445
2024-06-01 18:21:52.379,40.916476,40.968445
2024-06-01 18:21:52.891,40.916476,40.966007
2024-06-01 18:21:53.403,40.916476,40.966007
2024-06-01 18:21:53.915,40.916476,40.966007
2024-06-01 18:21:54.427,40.916476,40.966007
2024-06-01 18:21:54.939,40.916476,40.968445
2024-06-01 18:21:55.451,40.916476,40.968445
2024-06-01 18:21:55.963,40.916476,40.968445
2024-06-01 18:21:56.475,40.916476,40.968445
2024-06-01 18:21:56.987,40.916476,40.970573
2024-06-01 18:21:57.499,40.916476,40.970577
2024-06-01 18:21:58.011,40.916476,40.970577
2024-06-01 18:21:58.523,40.916476,40.970573
2024-06-01 18:21:59.035,40.916476,40.988052
2024-06-01 18:21:59.547,40.84564,40.96872
2024-06-01 18:22:00.059,40.84564,40.96872
2024-06-01 18:22:00.571,40.84564,40.988052
2024-06-01 18:22:01.083,40.84564,40.979996
2024-06-01 18:22:01.595,40.84564,40.979996
2024-06-01 18:22:02.107,40.84564,40.979996
2024-06-01 18:22:02.619,40.84564,40.979996
2024-06-01 18:22:03.131,40.84564,40.972706
2024-06-01 18:22:03.643,40.84564,40.972706
2024-06-01 18:22:04.155,40.84564,40.972706
2024-06-01 18:22:04.667,40.84564,40.972706
2024-06-01 18:22:05.179,40.84564,40.972706
2024-06-01 18:22:05.691,40.84564,40.972706
2024-06-01 18:22:06.203,40.84564,40.94124
2024-06-01 18:22:06.715,40.84564,40.94124
2024-06-01 18:22:07.227,40.84564,40.93564
2024-06-01 18:22:07.739,40.84564,40.93564
2024-06-01 18:22:08.251,40.84564,40.93564
2024-06-01 18:22:08.763,40.84564,40.93564
2024-06-01 18:22:09.275,40.84564,40.93564
2024-06-01 18:22:09.787,40.916476,40.93564
2024-06-01 18:22:10.299,40.916476,40.93564
2024-06-01 18:22:10.811,40.916476,40.93564
2024-06-01 18:22:11.323,40.916476,40.93564
2024-06-01 18:22:11.835,40.84564,40.93564
2024-06-01 18:22:12.347,40.84564,40.93564
2024-06-01 18:22:12.859,40.84564,40.93564
2024-06-01 18:22:13.371,40.84564,40.93564
2024-06-01 18:22:13.883,40.84564,40.93564
2024-06-01 18:22:14.395,40.84564,40.93564
2024-06-01 18:22:14.907,40.84564,40.93564
2024-06-01 18:22:15.419,40.84564,40.94648
2024-06-01 18:22:15.931,40.916476,40.880722
2024-06-01 18:22:16.443,40.916476,40.880722
2024-06-01 18:22:16.955,40.916476,40.94648
2024-06-01 18:22:17.467,40.916476,40.93564
2024-06-01 18:22:17.979,40.84564,40.93564
2024-06-01 18:22:18.491,40.84564,40.93564
2024-06-01 18:22:19.003,40.84564,40.93564
2024-06-01 18:22:19.515,40.84564,40.931053
2024-06-01 18:22:20.027,40.84564,40.931053
2024-06-01 18:22:20.539,40.84564,40.931053
2024-06-01 18:22:21.051,40.84564,40.931053
2024-06-01 18:22:21.563,40.84564,40.929405
2024-06-01 18:22:22.075,40.916476,40.929405
2024-06-01 18:22:22.587,40.916476,40.929405
2024-06-01 18:22:23.099,40.916476,40.929405
2024-06-01 18:22:23.611,40.916476,40.929405
2024-06-01 18:22:24.123,40.916476,40.929405
2024-06-01 18:22:24.635,40.916476,40.929405
2024-06-01 18:22:25.147,40.916476,40.929405
2024-06-01 18:22:25.659,40.916476,40.92855
2024-06-01 18:22:26.171,40.916476,40.92855
2024-06-01 18:22:26.683,40.916476,40.92855
2024-06-01 18:22:27.195,40.916476,40.92855
2024-06-01 18:22:27.707,40.916476,40.92855
2024-06-01 18:22:28.219,40.84564,40.92855
2024-06-01 18:22:28.731,40.84564,40.92855
2024-06-01 18:22:29.243,40.84564,40.92855
2024-06-01 18:22:29.755,40.84564,40.931053
2024-06-01 18:22:30.267,40.916476,40.931053
2024-06-01 18:22:30.779,40.916476,40.931053
2024-06-01 18:22:31.291,40.916476,40.931053
2024-06-01 18:22:31.803,40.916476,40.929405
2024-06-01 18:22:32.315,40.916476,40.929405
2024-06-01 18:22:32.827,40.916476,40.929405
2024-06-01 18:22:33.339,40.916476,40.929405
2024-06-01 18:22:33.851,40.916476,40.931053
2024-06-01 18:22:34.363,40.916476,40.931053
2024-06-01 18:22:34.875,40.916476,40.931053
2024-06-01 18:22:35.387,40.916476,40.931053
2024-06-01 18:22:35.899,40.916476,40.929405
2024-06-01 18:22:36.411,40.916476,40.929405
2024-06-01 18:22:36.923,40.916476,40.929405
2024-06-01 18:22:37.435,40.916476,40.929405
2024-06-01 18:22:37.947,40.916476,40.92855
2024-06-01 18:22:38.459,40.916476,40.92855
2024-06-01 18:22:38.971,40.916476,40.930183
2024-06-01 18:22:39.482,40.916476,40.930183
2024-06-01 18:22:39.994,40.916476,40.925713
2024-06-01 18:22:40.506,40.916476,40.925713
2024-06-01 18:22:41.018,40.916476,40.925713
2024-06-01 18:22:41.530,40.916476,40.925713
2024-06-01 18:22:42.042,40.916476,40.923668
2024-06-01 18:22:42.554,40.916476,40.923668
2024-06-01 18:22:43.066,40.916476,40.923668
2024-06-01 18:22:43.578,40.916476,40.923668
2024-06-01 18:22:44.090,40.916476,40.925713
2024-06-01 18:22:44.602,40.916476,40.925713
2024-06-01 18:22:45.114,40.916476,40.925713
2024-06-01 18:22:45.626,40.916476,40.925713
2024-06-01 18:22:46.138,40.916476,40.930183
2024-06-01 18:22:46.650,40.916476,40.930183
2024-06-01 18:22:47.162,40.916476,40.930183
2024-06-01 18:22:47.674,40.916476,40.930183
2024-06-01 18:22:48.186,40.916476,40.925713
2024-06-01 18:22:48.698,40.84564,40.925713
2024-06-01 18:22:49.210,40.84564,40.925713
2024-06-01 18:22:49.722,40.84564,40.925713
2024-06-01 18:22:50.234,40.84564,40.925713
2024-06-01 18:22:50.746,40.84564,40.925713
2024-06-01 18:22:51.258,40.84564,40.925713
2024-06-01 18:22:51.770,40.84564,40.925713
2024-06-01 18:22:52.282,40.84564,40.923668
2024-06-01 18:22:52.794,40.916476,40.923668
2024-06-01 18:22:53.306,40.916476,40.923668
2024-06-01 18:22:53.818,40.916476,40.923668
2024-06-01 18:22:54.330,40.916476,40.91849
2024-06-01 18:22:54.842,40.84564,40.91849
2024-06-01 18:22:55.354,40.84564,40.91849
2024-06-01 18:22:55.866,40.84564,40.91849
2024-06-01 18:22:56.378,40.84564,40.930183
2024-06-01 18:22:56.890,40.916476,40.930183
2024-06-01 18:22:57.402,40.916476,40.930183
2024-06-01 18:22:57.914,40.916476,40.930183
2024-06-01 18:22:58.426,40.916476,40.930183
2024-06-01 18:22:58.938,40.84564,40.930183
2024-06-01 18:22:59.450,40.84564,40.930183
2024-06-01 18:22:59.962,40.84564,40.930183
2024-06-01 18:23:00.474,40.84564,40.923668
2024-06-01 18:23:00.986,40.84564,40.923668
2024-06-01 18:23:01.498,40.84564,40.923668
2024-06-01 18:23:02.010,40.84564,40.923668
2024-06-01 18:23:02.522,40.84564,40.925713
2024-06-01 18:23:03.034,40.916476,40.925716
2024-06-01 18:23:03.546,40.916476,40.925716
2024-06-01 18:23:04.058,40.916476,40.925713
2024-06-01 18:23:04.570,40.916476,40.925713
2024-06-01 18:23:05.082,40.916476,40.925713
2024-06-01 18:23:05.594,40.916476,40.925713
2024-06-01 18:23:06.106,40.916476,40.925713
2024-06-01 18:23:06.618,40.916476,40.925713
2024-06-01 18:23:07.130,40.84564,40.925713
2024-06-01 18:23:07.642,40.84564,40.925713
2024-06-01 18:23:08.154,40.84564,40.925713
2024-06-01 18:23:08.666,40.84564,40.930183
2024-06-01 18:23:09.178,40.84564,40.930183
2024-06-01 18:23:09.690,40.84564,40.930183
2024-06-01 18:23:10.202,40.84564,40.930183
2024-06-01 18:23:10.714,40.84564,40.923668
2024-06-01 18:23:11.226,40.916476,40.923668
2024-06-01 18:23:11.738,40.916476,40.923668
2024-06-01 18:23:12.250,40.916476,40.923668
2024-06-01 18:23:12.762,40.916476,40.923668
2024-06-01 18:23:13.274,40.84564,40.876427
2024-06-01 18:23:13.786,40.84564,40.876427
2024-06-01 18:23:14.298,40.84564,40.923668
2024-06-01 18:23:14.810,40.84564,40.925713
2024-06-01 18:23:15.322,40.84564,40.925713
2024-06-01 18:23:15.834,40.84564,40.925713
2024-06-01 18:23:16.346,40.84564,40.925713
2024-06-01 18:23:16.858,40.84564,40.925713
2024-06-01 18:23:17.370,40.916476,40.925713
2024-06-01 18:23:17.882,40.916476,40.925713
2024-06-01 18:23:18.394,40.916476,40.925713
2024-06-01 18:23:18.906,40.916476,40.925713
2024-06-01 18:23:19.418,40.916476,40.925716
2024-06-01 18:23:19.930,40.916476,40.925716
2024-06-01 18:23:20.442,40.916476,40.925713
2024-06-01 18:23:20.954,40.916476,40.923668
2024-06-01 18:23:21.466,40.84564,40.923668
2024-06-01 18:23:21.978,40.84564,40.923668
2024-06-01 18:23:22.490,40.84564,40.923668
2024-06-01 18:23:23.002,40.84564,40.91849
2024-06-01 18:23:23.514,40.916476,40.91849
2024-06-01 18:23:24.026,40.916476,40.91849
2024-06-01 18:23:24.538,40.916476,40.91849
2024-06-01 18:23:25.050,40.916476,40.925713
2024-06-01 18:23:25.562,40.916476,40.925713
2024-06-01 18:23:26.074,40.916476,40.925713
2024-06-01 18:23:26.586,40.916476,40.925713
2024-06-01 18:23:27.098,40.916476,40.930183
2024-06-01 18:23:27.610,40.916476,40.930183
2024-06-01 18:23:28.122,40.916476,40.930183
2024-06-01 18:23:28.634,40.916476,40.930183
2024-06-01 18:23:29.146,40.916476,40.923668
2024-06-01 18:23:29.658,40.916476,40.923668
2024-06-01 18:23:30.170,40.916476,40.923668
2024-06-01 18:23:30.682,40.916476,40.923668
2024-06-01 18:23:31.194,40.916476,40.925713
2024-06-01 18:23:31.706,40.916476,40.925713
2024-06-01 18:23:32.218,40.916476,40.925713
2024-06-01 18:23:32.730,40.916476,40.925713
2024-06-01 18:23:33.242,40.916476,40.923668
2024-06-01 18:23:33.754,40.916476,40.923668
2024-06-01 18:23:34.266,40.916476,40.923668
2024-06-01 18:23:34.778,40.916476,40.923668
2024-06-01 18:23:35.290,40.916476,40.925713
2024-06-01 18:23:35.802,40.84564,40.77196
2024-06-01 18:23:36.314,40.84564,40.77196
2024-06-01 18:23:36.826,40.84564,40.82454
2024-06-01 18:23:37.338,40.84564,40.82454
2024-06-01 18:23:37.850,40.84564,40.925713
2024-06-01 18:23:38.362,40.84564,40.925713
2024-06-01 18:23:38.874,40.84564,40.925713
2024-06-01 18:23:39.386,40.84564,40.923668
2024-06-01 18:23:39.898,40.84564,40.923668
2024-06-01 18:23:40.410,40.84564,40.923668
2024-06-01 18:23:40.922,40.84564,40.923668
2024-06-01 18:23:41.434,40.84564,40.925713
2024-06-01 18:23:41.946,40.916476,40.925713
2024-06-01 18:23:42.458,40.916476,40.925713
2024-06-01 18:23:42.970,40.916476,40.925713
2024-06-01 18:23:43.482,40.916476,40.91849
2024-06-01 18:23:43.994,40.916476,40.91849
2024-06-01 18:23:44.506,40.916476,40.91849
2024-06-01 18:23:45.018,40.916476,40.91849
2024-06-01 18:23:45.530,40.916476,40.923668
2024-06-01 18:23:46.042,40.916476,40.923668
2024-06-01 18:23:46.554,40.916476,40.923668
2024-06-01 18:23:47.066,40.916476,40.923668
2024-06-01 18:23:47.578,40.916476,40.930183
2024-06-01 18:23:48.090,40.84564,40.930183
2024-06-01 18:23:48.602,40.84564,40.930183
2024-06-01 18:23:49.114,40.84564,40.930183
2024-06-01 18:23:49.626,40.84564,40.923668
2024-06-01 18:23:50.138,40.916476,40.923668
2024-06-01 18:23:50.650,40.916476,40.923668
2024-06-01 18:23:51.162,40.916476,40.923668
2024-06-01 18:23:51.674,40.916476,40.925713
2024-06-01 18:23:52.186,40.916476,40.925716
2024-06-01 18:23:52.698,40.916476,40.925716
2024-06-01 18:23:53.210,40.916476,40.925713
2024-06-01 18:23:53.722,40.916476,40.925713
2024-06-01 18:23:54.234,40.916476,40.925713
2024-06-01 18:23:54.746,40.916476,40.925713
2024-06-01 18:23:55.258,40.916476,40.925713
2024-06-01 18:23:55.770,40.916476,40.923668
2024-06-01 18:23:56.282,40.916476,40.923668
2024-06-01 18:23:56.794,40.916476,40.923668
2024-06-01 18:23:57.306,40.916476,40.923668
2024-06-01 18:23:57.818,40.916476,40.930183
2024-06-01 18:23:58.330,40.916476,40.930183
2024-06-01 18:23:58.842,40.916476,40.930183
2024-06-01 18:23:59.354,40.916476,40.930183
2024-06-01 18:23:59.866,40.916476,40.923668
2024-06-01 18:24:00.378,40.916476,40.923668
2024-06-01 18:24:00.890,40.916476,40.923668
2024-06-01 18:24:01.402,40.916476,40.923668
2024-06-01 18:24:01.914,40.916476,40.91849
2024-06-01 18:24:02.426,40.84564,40.91849
2024-06-01 18:24:02.938,40.84564,40.91849
2024-06-01 18:24:03.450,40.84564,40.91849
2024-06-01 18:24:03.962,40.84564,40.923668
2024-06-01 18:24:04.474,40.916476,40.923668
2024-06-01 18:24:04.986,40.916476,40.923668
2024-06-01 18:24:05.498,40.916476,40.923668
2024-06-01 18:24:06.010,40.916476,40.91849
2024-06-01 18:24:06.522,40.84564,40.91849
2024-06-01 18:24:07.034,40.84564,40.91849
2024-06-01 18:24:07.546,40.84564,40.91849
2024-06-01 18:24:08.058,40.84564,40.923668
2024-06-01 18:24:08.570,40.84564,40.923664
2024-06-01 18:24:09.082,40.84564,40.923664
2024-06-01 18:24:09.594,40.84564,40.923668
2024-06-01 18:24:10.106,40.84564,40.923668
2024-06-01 18:24:10.618,40.916476,40.923668
2024-06-01 18:24:11.130,40.916476,40.923668
2024-06-01 18:24:11.642,40.916476,40.923668
2024-06-01 18:24:12.153,40.916476,40.910797
2024-06-01 18:24:12.665,40.916476,40.910797
2024-06-01 18:24:13.177,40.916476,40.910797
2024-06-01 18:24:13.689,40.916476,40.910797
2024-06-01 18:24:14.201,40.916476,40.923668
2024-06-01 18:24:14.713,40.84564,40.923668
2024-06-01 18:24:15.225,40.84564,40.923668
2024-06-01 18:24:15.737,40.84564,40.923668
2024-06-01 18:24:16.249,40.84564,40.91849
2024-06-01 18:24:16.761,40.916476,40.91849
2024-06-01 18:24:17.273,40.916476,40.926212
2024-06-01 18:24:17.785,40.916476,40.926212
2024-06-01 18:24:18.297,40.916476,40.93057
2024-06-01 18:24:18.809,40.84564,40.93057
2024-06-01 18:24:19.321,40.84564,40.93057
2024-06-01 18:24:19.833,40.84564,40.93057
2024-06-01 18:24:20.345,40.84564,40.93057
2024-06-01 18:24:20.857,40.84564,40.93057
2024-06-01 18:24:21.369,40.84564,40.93057
2024-06-01 18:24:21.881,40.84564,40.93057
2024-06-01 18:24:22.393,40.84564,40.92038
2024-06-01 18:24:22.905,40.916476,40.92038
2024-06-01 18:24:23.417,40.916476,40.92038
2024-06-01 18:24:23.929,40.916476,40.92038
2024-06-01 18:24:24.441,40.916476,40.93057
2024-06-01 18:24:24.953,40.916476,40.930565
2024-06-01 18:24:25.465,40.916476,40.930565
2024-06-01 18:24:25.977,40.916476,40.93057
2024-06-01 18:24:26.489,40.916476,40.93057
2024-06-01 18:24:27.001,40.84564,40.93057
2024-06-01 18:24:27.513,40.84564,40.93057
2024-06-01 18:24:28.025,40.84564,40.93057
2024-06-01 18:24:28.537,40.84564,40.933372
2024-06-01 18:24:29.049,40.84564,40.933372
2024-06-01 18:24:29.561,40.84564,40.933372
2024-06-01 18:24:30.073,40.84564,40.933372
2024-06-01 18:24:30.585,40.84564,40.940323
2024-06-01 18:24:31.097,40.84564,40.940323
2024-06-01 18:24:31.609,40.84564,40.940323
2024-06-01 18:24:32.121,40.84564,40.940323
2024-06-01 18:24:32.633,40.84564,40.933372
2024-06-01 18:24:33.145,40.916476,40.933372
2024-06-01 18:24:33.657,40.916476,40.933372
2024-06-01 18:24:34.169,40.916476,40.933372
2024-06-01 18:24:34.681,40.916476,40.940323
2024-06-01 18:24:35.193,40.916476,40.940323
2024-06-01 18:24:35.705,40.916476,40.940323
2024-06-01 18:24:36.217,40.916476,40.940323
2024-06-01 18:24:36.729,40.916476,40.940323
2024-06-01 18:24:37.241,40.84564,40.940323
2024-06-01 18:24:37.753,40.84564,40.940323
2024-06-01 18:24:38.265,40.84564,40.940323
2024-06-01 18:24:38.777,40.84564,40.947273
2024-06-01 18:24:39.289,40.916476,40.947273
2024-06-01 18:24:39.801,40.916476,40.947273
2024-06-01 18:24:40.313,40.916476,40.947273
2024-06-01 18:24:40.825,40.916476,40.933372
2024-06-01 18:24:41.337,40.916476,40.933372
2024-06-01 18:24:41.849,40.916476,40.933372
2024-06-01 18:24:42.361,40.916476,40.933372
2024-06-01 18:24:42.873,40.916476,40.940323
2024-06-01 18:24:43.385,40.84564,40.940323
2024-06-01 18:24:43.897,40.84564,40.940323
2024-06-01 18:24:44.409,40.84564,40.940323
2024-06-01 18:24:44.921,40.84564,40.940323
2024-06-01 18:24:45.433,40.916476,40.940323
2024-06-01 18:24:45.945,40.916476,40.940323
2024-06-01 18:24:46.457,40.916476,40.940323
2024-06-01 18:24:46.969,40.916476,40.940323
2024-06-01 18:24:47.481,40.84564,40.940323
2024-06-01 18:24:47.993,40.84564,40.940323
2024-06-01 18:24:48.505,40.84564,40.940323
2024-06-01 18:24:49.017,40.84564,40.954258
2024-06-01 18:24:49.529,40.84564,40.954258
2024-06-01 18:24:50.041,40.84564,40.94096
2024-06-01 18:24:50.553,40.84564,40.94096
2024-06-01 18:24:51.065,40.84564,40.923744
2024-06-01 18:24:51.577,40.916476,40.923744
2024-06-01 18:24:52.089,40.916476,40.923744
2024-06-01 18:24:52.601,40.916476,40.923744
2024-06-01 18:24:53.113,40.916476,40.926804
2024-06-01 18:24:53.625,40.84564,40.926804
2024-06-01 18:24:54.137,40.84564,40.926804
2024-06-01 18:24:54.649,40.84564,40.926804
2024-06-01 18:24:55.161,40.84564,40.926804
2024-06-01 18:24:55.673,40.916476,40.926804
2024-06-01 18:24:56.185,40.916476,40.926804
2024-06-01 18:24:56.697,40.916476,40.926804
2024-06-01 18:24:57.209,40.916476,40.923744
2024-06-01 18:24:57.721,40.84564,40.923737
2024-06-01 18:24:58.233,40.84564,40.923737
2024-06-01 18:24:58.745,40.84564,40.8776
2024-06-01 18:24:59.257,40.84564,40.895267
2024-06-01 18:24:59.769,40.916476,40.946365
2024-06-01 18:25:00.281,40.916476,40.946365
2024-06-01 18:25:00.793,40.916476,40.946365
2024-06-01 18:25:01.305,40.916476,40.917896
2024-06-01 18:25:01.817,40.916476,40.917896
2024-06-01 18:25:02.329,40.916476,40.917896
2024-06-01 18:25:02.841,40.916476,40.917896
2024-06-01 18:25:03.353,40.916476,40.926804
2024-06-01 18:25:03.865,40.84564,40.926804
2024-06-01 18:25:04.377,40.84564,40.926804
2024-06-01 18:25:04.889,40.84564,40.926804
2024-06-01 18:25:05.401,40.84564,40.923744
2024-06-01 18:25:05.913,40.84564,40.923744
2024-06-01 18:25:06.425,40.84564,40.923744
2024-06-01 18:25:06.937,40.84564,40.923744
2024-06-01 18:25:07.449,40.84564,40.917896
2024-06-01 18:25:07.961,40.84564,40.917896
2024-06-01 18:25:08.473,40.84564,40.917896
2024-06-01 18:25:08.985,40.84564,40.917896
2024-06-01 18:25:09.497,40.84564,40.94096
2024-06-01 18:25:10.009,40.916476,40.94096
2024-06-01 18:25:10.521,40.916476,40.94096
2024-06-01 18:25:11.033,40.916476,40.94096
2024-06-01 18:25:11.545,40.916476,40.923744
2024-06-01 18:25:12.057,40.916476,40.923744
2024-06-01 18:25:12.569,40.916476,40.923744
2024-06-01 18:25:13.081,40.916476,40.923744
2024-06-01 18:25:13.593,40.916476,40.923744
2024-06-01 18:25:14.105,40.916476,40.923737
2024-06-01 18:25:14.617,40.916476,40.923737
2024-06-01 18:25:15.129,40.916476,40.923744
2024-06-01 18:25:15.641,40.916476,40.923744
2024-06-01 18:25:16.153,40.916476,40.923744
2024-06-01 18:25:16.665,40.916476,40.923744
2024-06-01 18:25:17.177,40.916476,40.923744
2024-06-01 18:25:17.689,40.916476,40.923744
2024-06-01 18:25:18.201,40.916476,40.923744
2024-06-01 18:25:18.713,40.916476,40.923744
2024-06-01 18:25:19.225,40.916476,40.923744
2024-06-01 18:25:19.737,40.916476,40.933746
2024-06-01 18:25:20.249,40.916476,40.933746
2024-06-01 18:25:20.761,40.916476,40.933746
2024-06-01 18:25:21.273,40.916476,40.933746
2024-06-01 18:25:21.785,40.916476,40.923744
2024-06-01 18:25:22.297,40.84564,40.923744
2024-06-01 18:25:22.809,40.84564,40.923744
2024-06-01 18:25:23.321,40.84564,40.923744
2024-06-01 18:25:23.833,40.84564,40.923744
2024-06-01 18:25:24.345,40.916476,40.923744
2024-06-01 18:25:24.857,40.916476,40.923744
2024-06-01 18:25:25.369,40.916476,40.923744
2024-06-01 18:25:25.881,40.916476,40.923744
2024-06-01 18:25:26.393,40.916476,40.923744
2024-06-01 18:25:26.905,40.916476,40.923744
2024-06-01 18:25:27.417,40.916476,40.923744
2024-06-01 18:25:27.929,40.916476,40.923744
2024-06-01 18:25:28.441,40.916476,40.923744
2024-06-01 18:25:28.953,40.916476,40.923744
2024-06-01 18:25:29.465,40.916476,40.923744
2024-06-01 18:25:29.977,40.916476,40.933746
2024-06-01 18:25:30.489,40.916476,40.933754
2024-06-01 18:25:31.001,40.916476,40.933754
2024-06-01 18:25:31.513,40.916476,40.933746
2024-06-01 18:25:32.025,40.916476,40.926804
2024-06-01 18:25:32.537,40.84564,40.926804
2024-06-01 18:25:33.049,40.84564,40.926804
2024-06-01 18:25:33.561,40.84564,40.926804
2024-06-01 18:25:34.073,40.84564,40.933746
2024-06-01 18:25:34.585,40.916476,40.933746
2024-06-01 18:25:35.097,40.916476,40.933746
2024-06-01 18:25:35.609,40.916476,40.933746
2024-06-01 18:25:36.121,40.916476,40.923744
2024-06-01 18:25:36.633,40.84564,40.923744
2024-06-01 18:25:37.145,40.84564,40.923744
2024-06-01 18:25:37.657,40.84564,40.923744
2024-06-01 18:25:38.169,40.84564,40.923744
2024-06-01 18:25:38.681,40.84564,40.923744
2024-06-01 18:25:39.193,40.84564,40.923744
2024-06-01 18:25:39.705,40.84564,40.923744
2024-06-01 18:25:40.217,40.84564,40.94096
2024-06-01 18:25:40.729,40.84564,40.94096
2024-06-01 18:25:41.241,40.84564,40.94096
2024-06-01 18:25:41.753,40.84564,40.94096
2024-06-01 18:25:42.265,40.84564,40.923744
2024-06-01 18:25:42.777,40.916476,40.923744
2024-06-01 18:25:43.289,40.916476,40.923744
2024-06-01 18:25:43.801,40.916476,40.923744
2024-06-01 18:25:44.312,40.916476,40.917896
2024-06-01 18:25:44.824,40.916476,40.917896
2024-06-01 18:25:45.336,40.916476,40.917896
2024-06-01 18:25:45.848,40.916476,40.917896
2024-06-01 18:25:46.360,40.916476,40.923744
2024-06-01 18:25:46.872,40.84564,40.923737
2024-06-01 18:25:47.384,40.84564,40.923737
2024-06-01 18:25:47.896,40.84564,40.923744
2024-06-01 18:25:48.408,40.84564,40.923744
2024-06-01 18:25:48.920,40.916476,40.923744
2024-06-01 18:25:49.432,40.916476,40.923744
2024-06-01 18:25:49.944,40.916476,40.923744
2024-06-01 18:25:50.456,40.916476,40.933746
2024-06-01 18:25:50.968,40.916476,40.933746
2024-06-01 18:25:51.480,40.916476,40.933746
2024-06-01 18:25:51.992,40.916476,40.933746
2024-06-01 18:25:52.504,40.916476,40.926804
2024-06-01 18:25:53.016,40.916476,40.926804
2024-06-01 18:25:53.528,40.916476,40.926804
2024-06-01 18:25:54.040,40.916476,40.926804
2024-06-01 18:25:54.552,40.916476,40.917896
2024-06-01 18:25:55.064,40.916476,40.917896
2024-06-01 18:25:55.576,40.916476,40.917896
2024-06-01 18:25:56.088,40.916476,40.917896
2024-06-01 18:25:56.600,40.916476,40.923744
2024-06-01 18:25:57.112,40.84564,40.923744
2024-06-01 18:25:57.624,40.84564,40.923744
2024-06-01 18:25:58.136,40.84564,40.923744
2024-06-01 18:25:58.648,40.84564,40.923744
2024-06-01 18:25:59.160,40.84564,40.923744
2024-06-01 18:25:59.672,40.84564,40.923744
2024-06-01 18:26:00.184,40.84564,40.923744
2024-06-01 18:26:00.696,40.84564,40.933746
2024-06-01 18:26:01.208,40.84564,40.933746
2024-06-01 18:26:01.720,40.84564,40.933746
2024-06-01 18:26:02.232,40.84564,40.933746
2024-06-01 18:26:02.744,40.84564,40.923744
2024-06-01 18:26:03.256,40.916476,40.923737
2024-06-01 18:26:03.768,40.916476,40.923737
2024-06-01 18:26:04.280,40.916476,40.923744
2024-06-01 18:26:04.792,40.916476,40.923744
2024-06-01 18:26:05.304,40.916476,40.923744
2024-06-01 18:26:05.816,40.916476,40.923744
2024-06-01 18:26:06.328,40.916476,40.923744
2024-06-01 18:26:06.840,40.916476,40.917896
2024-06-01 18:26:07.352,40.84564,40.917896
2024-06-01 18:26:07.864,40.84564,40.917896
2024-06-01 18:26:08.376,40.84564,40.917896
2024-06-01 18:26:08.888,40.84564,40.923744
2024-06-01 18:26:09.400,40.916476,40.923744
2024-06-01 18:26:09.912,40.916476,40.923744
2024-06-01 18:26:10.424,40.916476,40.923744
2024-06-01 18:26:10.936,40.916476,40.933746
2024-06-01 18:26:11.448,40.916476,40.933746
2024-06-01 18:26:11.960,40.916476,40.933746
2024-06-01 18:26:12.472,40.916476,40.933746
2024-06-01 18:26:12.984,40.916476,40.917896
2024-06-01 18:26:13.496,40.84564,40.917896
2024-06-01 18:26:14.008,40.84564,40.917896
2024-06-01 18:26:14.520,40.84564,40.917896
2024-06-01 18:26:15.032,40.84564,40.923744
2024-06-01 18:26:15.544,40.84564,40.8776
2024-06-01 18:26:16.056,40.84564,40.8776
2024-06-01 18:26:16.568,40.84564,40.923744
2024-06-01 18:26:17.080,40.84564,40.923744
2024-06-01 18:26:17.592,40.84564,40.8776
2024-06-01 18:26:18.104,40.84564,40.8776
2024-06-01 18:26:18.616,40.84564,40.923744
2024-06-01 18:26:19.128,40.84564,40.923744
2024-06-01 18:26:19.640,40.916476,40.923737
2024-06-01 18:26:20.152,40.916476,40.923737
2024-06-01 18:26:20.664,40.916476,40.923744
2024-06-01 18:26:21.176,40.916476,40.94096
2024-06-01 18:26:21.688,40.84564,40.94096
2024-06-01 18:26:22.200,40.84564,40.94096
2024-06-01 18:26:22.712,40.84564,40.94096
2024-06-01 18:26:23.224,40.84564,40.923744
2024-06-01 18:26:23.736,40.916476,40.923744
2024-06-01 18:26:24.248,40.916476,40.923744
2024-06-01 18:26:24.760,40.916476,40.923744
2024-06-01 18:26:25.272,40.916476,40.917896
2024-06-01 18:26:25.784,40.916476,40.917896
2024-06-01 18:26:26.296,40.916476,40.917896
2024-06-01 18:26:26.808,40.916476,40.917896
2024-06-01 18:26:27.320,40.916476,40.926804
2024-06-01 18:26:27.832,40.916476,40.926804
2024-06-01 18:26:28.344,40.916476,40.926804
2024-06-01 18:26:28.856,40.916476,40.926804
2024-06-01 18:26:29.368,40.916476,40.923744
2024-06-01 18:26:29.880,40.84564,40.923744
2024-06-01 18:26:30.392,40.84564,40.923744
2024-06-01 18:26:30.904,40.84564,40.769165
2024-06-01 18:26:31.416,40.84564,40.78033
2024-06-01 18:26:31.928,40.916476,40.933746
2024-06-01 18:26:32.440,40.916476,40.933746
2024-06-01 18:26:32.952,40.916476,40.933746
2024-06-01 18:26:33.464,40.916476,40.926804
2024-06-01 18:26:33.976,40.84564,40.87979
2024-06-01 18:26:34.488,40.84564,40.87979
2024-06-01 18:26:35.000,40.84564,40.926804
2024-06-01 18:26:35.512,40.84564,40.923744
2024-06-01 18:26:36.024,40.84564,40.923737
2024-06-01 18:26:36.536,40.84564,40.923737
2024-06-01 18:26:37.048,40.84564,40.923744
2024-06-01 18:26:37.560,40.84564,40.917896
2024-06-01 18:26:38.072,40.916476,40.917896
2024-06-01 18:26:38.584,40.916476,40.917896
2024-06-01 18:26:39.096,40.916476,40.917896
2024-06-01 18:26:39.608,40.916476,40.923744
2024-06-01 18:26:40.120,40.916476,40.923744
2024-06-01 18:26:40.632,40.916476,40.923744
2024-06-01 18:26:41.144,40.916476,40.923744
2024-06-01 18:26:41.656,40.916476,40.94096
2024-06-01 18:26:42.168,40.916476,40.94096
2024-06-01 18:26:42.680,40.916476,40.94096
2024-06-01 18:26:43.192,40.916476,40.94096
2024-06-01 18:26:43.704,40.916476,40.923744
2024-06-01 18:26:44.216,40.916476,40.923744
2024-06-01 18:26:44.728,40.916476,40.923744
2024-06-01 18:26:45.240,40.916476,40.923744
2024-06-01 18:26:45.752,40.916476,40.923744
2024-06-01 18:26:46.264,40.916476,40.923744
2024-06-01 18:26:46.776,40.916476,40.923744
2024-06-01 18:26:47.288,40.916476,40.923744
2024-06-01 18:26:47.800,40.916476,40.926804
2024-06-01 18:26:48.312,40.916476,40.926804
2024-06-01 18:26:48.824,40.916476,40.926804
2024-06-01 18:26:49.336,40.916476,40.926804
2024-06-01 18:26:49.848,40.916476,40.917896
2024-06-01 18:26:50.360,40.84564,40.87452
2024-06-01 18:26:50.872,40.84564,40.87452
2024-06-01 18:26:51.384,40.84564,40.917896
2024-06-01 18:26:51.896,40.84564,40.94096
2024-06-01 18:26:52.408,40.916476,40.940964
2024-06-01 18:26:52.920,40.916476,40.940964
2024-06-01 18:26:53.432,40.916476,40.94096
2024-06-01 18:26:53.944,40.916476,40.923744
2024-06-01 18:26:54.456,40.916476,40.923744
2024-06-01 18:26:54.968,40.916476,40.923744
2024-06-01 18:26:55.480,40.916476,40.923744
2024-06-01 18:26:55.992,40.916476,40.926804
2024-06-01 18:26:56.504,40.84564,40.926804
2024-06-01 18:26:57.016,40.84564,40.926804
2024-06-01 18:26:57.528,40.84564,40.926804
2024-06-01 18:26:58.040,40.84564,40.923744
2024-06-01 18:26:58.552,40.84564,40.923744
2024-06-01 18:26:59.064,40.84564,40.923744
2024-06-01 18:26:59.576,40.84564,40.923744
2024-06-01 18:27:00.088,40.84564,40.923744
2024-06-01 18:27:00.600,40.916476,40.923744
2024-06-01 18:27:01.112,40.916476,40.923744
2024-06-01 18:27:01.624,40.916476,40.923744
2024-06-01 18:27:02.136,40.916476,40.926804
2024-06-01 18:27:02.648,40.916476,40.926804
2024-06-01 18:27:03.160,40.916476,40.926804
2024-06-01 18:27:03.672,40.916476,40.926804
2024-06-01 18:27:04.184,40.916476,40.923744
2024-06-01 18:27:04.696,40.916476,40.923744
2024-06-01 18:27:05.208,40.916476,40.923744
2024-06-01 18:27:05.720,40.916476,40.923744
2024-06-01 18:27:06.232,40.916476,40.933746
2024-06-01 18:27:06.744,40.84564,40.933746
2024-06-01 18:27:07.256,40.84564,40.933746
2024-06-01 18:27:07.768,40.84564,40.933746
2024-06-01 18:27:08.280,40.84564,40.917896
2024-06-01 18:27:08.792,40.916476,40.917892
2024-06-01 18:27:09.304,40.916476,40.917892
2024-06-01 18:27:09.816,40.916476,40.917896
2024-06-01 18:27:10.328,40.916476,40.923744
2024-06-01 18:27:10.840,40.916476,40.923744
2024-06-01 18:27:11.352,40.916476,40.923744
2024-06-01 18:27:11.864,40.916476,40.923744
2024-06-01 18:27:12.376,40.916476,40.926804
2024-06-01 18:27:12.888,40.916476,40.926804
2024-06-01 18:27:13.400,40.916476,40.926804
2024-06-01 18:27:13.912,40.916476,40.926804
2024-06-01 18:27:14.424,40.916476,40.923744
2024-06-01 18:27:14.936,40.916476,40.923744
2024-06-01 18:27:15.448,40.916476,40.923744
2024-06-01 18:27:15.960,40.916476,40.923744
2024-06-01 18:27:16.472,40.916476,40.933746
2024-06-01 18:27:16.983,40.916476,40.933746
2024-06-01 18:27:17.495,40.916476,40.933746
2024-06-01 18:27:18.007,40.916476,40.933746
2024-06-01 18:27:18.519,40.916476,40.923744
2024-06-01 18:27:19.031,40.916476,40.923744
2024-06-01 18:27:19.543,40.916476,40.923744
2024-06-01 18:27:20.055,40.916476,40.923744
2024-06-01 18:27:20.567,40.916476,40.923744
2024-06-01 18:27:21.079,40.84564,40.923744
2024-06-01 18:27:21.591,40.84564,40.923744
2024-06-01 18:27:22.103,40.84564,40.923744
2024-06-01 18:27:22.615,40.84564,40.926804
2024-06-01 18:27:23.127,40.84564,40.926804
2024-06-01 18:27:23.639,40.84564,40.926804
2024-06-01 18:27:24.151,40.84564,40.926804
2024-06-01 18:27:24.663,40.84564,40.923744
2024-06-01 18:27:25.175,40.916476,40.923737
2024-06-01 18:27:25.687,40.916476,40.923737
2024-06-01 18:27:26.199,40.916476,40.923744
2024-06-01 18:27:26.711,40.916476,40.923744
2024-06-01 18:27:27.223,40.916476,40.923744
2024-06-01 18:27:27.735,40.916476,40.923744
2024-06-01 18:27:28.247,40.916476,40.923744
2024-06-01 18:27:28.759,40.916476,40.923744
2024-06-01 18:27:29.271,40.916476,40.923744
2024-06-01 18:27:29.783,40.916476,40.923744
2024-06-01 18:27:30.295,40.916476,40.923744
2024-06-01 18:27:30.807,40.916476,40.926804
2024-06-01 18:27:31.319,40.916476,40.926804
2024-06-01 18:27:31.831,40.916476,40.926804
2024-06-01 18:27:32.343,40.916476,40.926804
2024-06-01 18:27:32.855,40.916476,40.933746
2024-06-01 18:27:33.367,40.84564,40.933746
2024-06-01 18:27:33.879,40.84564,40.933746
2024-06-01 18:27:34.391,40.84564,40.933746
2024-06-01 18:27:34.903,40.84564,40.923744
2024-06-01 18:27:35.415,40.916476,40.923744
2024-06-01 18:27:35.927,40.916476,40.923744
2024-06-01 18:27:36.439,40.916476,40.923744
2024-06-01 18:27:36.951,40.916476,40.923744
2024-06-01 18:27:37.463,40.916476,40.923744
2024-06-01 18:27:37.975,40.916476,40.923744
2024-06-01 18:27:38.487,40.916476,40.923744
2024-06-01 18:27:38.999,40.916476,40.923744
2024-06-01 18:27:39.511,40.916476,40.923744
2024-06-01 18:27:40.023,40.916476,40.923744
2024-06-01 18:27:40.535,40.916476,40.923744
2024-06-01 18:27:41.047,40.916476,40.94096
2024-06-01 18:27:41.559,40.84564,40.940964
2024-06-01 18:27:42.071,40.84564,40.940964
2024-06-01 18:27:42.583,40.84564,40.94096
2024-06-01 18:27:43.095,40.84564,40.946365
2024-06-01 18:27:43.607,40.916476,40.946365
2024-06-01 18:27:44.119,40.916476,40.946365
2024-06-01 18:27:44.631,40.916476,40.946365
2024-06-01 18:27:45.143,40.916476,40.94096
2024-06-01 18:27:45.655,40.916476,40.94096
2024-06-01 18:27:46.167,40.916476,40.94096
2024-06-01 18:27:46.679,40.916476,40.94096
2024-06-01 18:27:47.191,40.916476,40.94096
2024-06-01 18:27:47.703,40.916476,40.94096
2024-06-01 18:27:48.215,40.916476,40.94096
2024-06-01 18:27:48.727,40.916476,40.94096
2024-06-01 18:27:49.239,40.916476,40.946365
2024-06-01 18:27:49.751,40.84564,40.946365
2024-06-01 18:27:50.263,40.84564,40.94579
2024-06-01 18:27:50.775,40.84564,40.94579
2024-06-01 18:27:51.287,40.84564,40.941223
2024-06-01 18:27:51.799,40.84564,40.941223
2024-06-01 18:27:52.311,40.84564,40.941223
2024-06-01 18:27:52.823,40.84564,40.941223
2024-06-01 18:27:53.335,40.84564,40.94579
2024-06-01 18:27:53.847,40.84564,40.94579
2024-06-01 18:27:54.359,40.84564,40.94579
2024-06-01 18:27:54.871,40.84564,40.917374
2024-06-01 18:27:55.383,40.84564,40.916126
2024-06-01 18:27:55.895,40.916476,40.941223
2024-06-01 18:27:56.407,40.916476,40.941223
2024-06-01 18:27:56.919,40.916476,40.941223
2024-06-01 18:27:57.431,40.916476,40.941223
2024-06-01 18:27:57.943,40.84564,40.916122
2024-06-01 18:27:58.455,40.84564,40.916122
2024-06-01 18:27:58.967,40.84564,40.941223
2024-06-01 18:27:59.479,40.84564,40.94579
2024-06-01 18:27:59.991,40.84564,40.94579
2024-06-01 18:28:00.503,40.84564,40.94579
2024-06-01 18:28:01.015,40.84564,40.94579
2024-06-01 18:28:01.527,40.84564,40.93828
2024-06-01 18:28:02.039,40.84564,40.93828
2024-06-01 18:28:02.551,40.84564,40.93828
2024-06-01 18:28:03.063,40.84564,40.93828
2024-06-01 18:28:03.575,40.84564,40.957787
2024-06-01 18:28:04.087,40.84564,40.957787
2024-06-01 18:28:04.599,40.84564,40.957787
2024-06-01 18:28:05.111,40.84564,40.957787
2024-06-01 18:28:05.623,40.84564,40.957787
2024-06-01 18:28:06.135,40.84564,40.957787
2024-06-01 18:28:06.647,40.84564,40.957787
2024-06-01 18:28:07.159,40.84564,40.957787
2024-06-01 18:28:07.671,40.84564,40.952538
2024-06-01 18:28:08.183,40.916476,40.952538
2024-06-01 18:28:08.695,40.916476,40.952538
2024-06-01 18:28:09.207,40.916476,40.952538
2024-06-01 18:28:09.719,40.916476,40.957787
2024-06-01 18:28:10.231,40.916476,40.957787
2024-06-01 18:28:10.743,40.916476,40.957787
2024-06-01 18:28:11.255,40.916476,40.957787
2024-06-01 18:28:11.767,40.916476,40.957787
2024-06-01 18:28:12.279,40.916476,40.957787
2024-06-01 18:28:12.791,40.916476,40.957787
2024-06-01 18:28:13.303,40.916476,40.957787
2024-06-01 18:28:14.327,40.916476,40.957787
2024-06-01 18:28:14.839,40.916476,40.957787
2024-06-01 18:28:15.351,40.916476,40.957787
2024-06-01 18:28:15.863,40.916476,40.957787
2024-06-01 18:28:16.375,40.84564,40.957787
2024-06-01 18:28:16.887,40.84564,40.957787
2024-06-01 18:28:17.399,40.84564,40.957787
2024-06-01 18:28:17.911,40.84564,40.952538
2024-06-01 18:28:18.423,40.916476,40.952538
2024-06-01 18:28:18.935,40.916476,40.952538
2024-06-01 18:28:19.447,40.916476,40.952538
2024-06-01 18:28:19.959,40.916476,40.957787
2024-06-01 18:28:20.471,40.916476,40.957787
2024-06-01 18:28:20.983,40.916476,40.957787
2024-06-01 18:28:21.495,40.916476,40.957787
2024-06-01 18:28:22.007,40.916476,40.9553
2024-06-01 18:28:22.519,40.916476,40.9553
2024-06-01 18:28:23.031,40.916476,40.96349
2024-06-01 18:28:23.543,40.916476,40.96349
2024-06-01 18:28:24.055,40.916476,40.96349
2024-06-01 18:28:24.567,40.916476,40.96349
2024-06-01 18:28:25.079,40.916476,40.96349
2024-06-01 18:28:25.591,40.916476,40.96349
2024-06-01 18:28:26.103,40.916476,40.966934
2024-06-01 18:28:26.615,40.916476,40.966934
2024-06-01 18:28:27.127,40.916476,40.966934
2024-06-01 18:28:27.639,40.916476,40.966934
2024-06-01 18:28:28.151,40.916476,40.96907
2024-06-01 18:28:28.663,40.916476,40.96907
2024-06-01 18:28:29.175,40.916476,40.96907
2024-06-01 18:28:29.687,40.916476,40.96907
2024-06-01 18:28:30.199,40.916476,40.966934
2024-06-01 18:28:30.711,40.84564,40.939995
2024-06-01 18:28:31.223,40.84564,40.939995
2024-06-01 18:28:31.735,40.84564,40.966934
2024-06-01 18:28:32.247,40.84564,40.959312
2024-06-01 18:28:32.759,40.84564,40.933517
2024-06-01 18:28:33.271,40.84564,40.933517
2024-06-01 18:28:33.783,40.84564,40.959312
2024-06-01 18:28:34.295,40.84564,40.966934
2024-06-01 18:28:34.807,40.916476,40.966934
2024-06-01 18:28:35.319,40.916476,40.966934
2024-06-01 18:28:35.831,40.916476,40.966934
2024-06-01 18:28:36.343,40.916476,40.96349
2024-06-01 18:28:36.855,40.916476,40.96349
2024-06-01 18:28:37.367,40.916476,40.96349
2024-06-01 18:28:37.879,40.916476,40.96349
2024-06-01 18:28:38.391,40.916476,40.96907
2024-06-01 18:28:38.903,40.84564,40.96907
2024-06-01 18:28:39.415,40.84564,40.96907
2024-06-01 18:28:39.927,40.84564,40.96907
2024-06-01 18:28:40.439,40.84564,40.96907
2024-06-01 18:28:40.951,40.84564,40.919235
2024-06-01 18:28:41.463,40.84564,40.919235
2024-06-01 18:28:41.975,40.84564,40.96907
2024-06-01 18:28:42.487,40.84564,40.959312
2024-06-01 18:28:42.999,40.916476,40.959312
2024-06-01 18:28:43.511,40.916476,40.959312
2024-06-01 18:28:44.023,40.916476,40.959312
2024-06-01 18:28:44.535,40.916476,40.966934
2024-06-01 18:28:45.047,40.916476,40.966934
2024-06-01 18:28:45.559,40.916476,40.966934
2024-06-01 18:28:46.071,40.916476,40.966934
2024-06-01 18:28:46.583,40.916476,40.96907
2024-06-01 18:28:47.095,40.916476,40.96907
2024-06-01 18:28:47.607,40.916476,40.96907
2024-06-01 18:28:48.119,40.916476,40.96907
2024-06-01 18:28:48.631,40.916476,40.966934
2024-06-01 18:28:49.142,40.916476,40.966934
2024-06-01 18:28:49.654,40.916476,40.966934
2024-06-01 18:28:50.166,40.916476,40.966934
2024-06-01 18:28:50.678,40.916476,40.96907
2024-06-01 18:28:51.190,40.916476,40.96907
2024-06-01 18:28:51.702,40.916476,40.96907
2024-06-01 18:28:52.214,40.916476,40.96907
2024-06-01 18:28:52.726,40.916476,40.96349
2024-06-01 18:28:53.238,40.84564,40.96349
2024-06-01 18:28:53.750,40.84564,40.96349
2024-06-01 18:28:54.262,40.84564,40.96349
2024-06-01 18:28:54.774,40.84564,40.96349
2024-06-01 18:28:55.286,40.916476,40.96349
2024-06-01 18:28:55.798,40.916476,40.96349
2024-06-01 18:28:56.310,40.916476,40.96349
2024-06-01 18:28:56.822,40.916476,40.96907
2024-06-01 18:28:57.334,40.916476,40.96907
2024-06-01 18:28:57.846,40.916476,40.96907
2024-06-01 18:28:58.358,40.916476,40.96907
2024-06-01 18:28:58.870,40.916476,40.966934
2024-06-01 18:28:59.382,40.916476,40.966934
2024-06-01 18:28:59.894,40.916476,40.966934
2024-06-01 18:29:00.406,40.916476,40.966934
2024-06-01 18:29:00.918,40.916476,40.966934
2024-06-01 18:29:01.430,40.916476,40.966934
2024-06-01 18:29:01.942,40.916476,40.966934
2024-06-01 18:29:02.454,40.916476,40.966934
2024-06-01 18:29:02.966,40.916476,40.966934
2024-06-01 18:29:03.478,40.916476,40.966934
2024-06-01 18:29:03.990,40.916476,40.966934
2024-06-01 18:29:04.502,40.916476,40.939995
2024-06-01 18:29:05.014,40.916476,40.937706
2024-06-01 18:29:05.526,40.84564,40.910923
2024-06-01 18:29:06.038,40.84564,40.910923
2024-06-01 18:29:06.550,40.84564,40.96349
2024-06-01 18:29:07.062,40.84564,40.96907
2024-06-01 18:29:07.574,40.916476,40.96907
2024-06-01 18:29:08.086,40.916476,40.96907
2024-06-01 18:29:08.598,40.916476,40.96907
2024-06-01 18:29:09.110,40.916476,40.96907
2024-06-01 18:29:09.622,40.84564,40.96907
2024-06-01 18:29:10.134,40.84564,40.96907
2024-06-01 18:29:10.646,40.84564,40.96907
2024-06-01 18:29:11.158,40.84564,40.966934
2024-06-01 18:29:11.670,40.84564,40.939995
2024-06-01 18:29:12.182,40.84564,40.939995
2024-06-01 18:29:12.694,40.84564,40.966934
2024-06-01 18:29:13.206,40.84564,40.96349
2024-06-01 18:29:13.718,40.84564,40.96349
2024-06-01 18:29:14.230,40.84564,40.96349
2024-06-01 18:29:14.742,40.84564,40.96349
2024-06-01 18:29:15.254,40.84564,40.966934
2024-06-01 18:29:15.766,40.84564,40.966934
2024-06-01 18:29:16.278,40.84564,40.966934
2024-06-01 18:29:16.790,40.84564,40.966934
2024-06-01 18:29:17.302,40.84564,40.959312
2024-06-01 18:29:17.814,40.84564,40.959312
2024-06-01 18:29:18.326,40.84564,40.959312
2024-06-01 18:29:18.838,40.84564,40.933517
2024-06-01 18:29:19.350,40.84564,40.942127
2024-06-01 18:29:19.862,40.916476,40.96907
2024-06-01 18:29:20.374,40.916476,40.96907
2024-06-01 18:29:20.886,40.916476,40.96907
2024-06-01 18:29:21.398,40.916476,40.971207
2024-06-01 18:29:21.910,40.84564,40.927288
2024-06-01 18:29:22.422,40.84564,40.927288
2024-06-01 18:29:22.934,40.84564,40.971207
2024-06-01 18:29:23.446,40.84564,40.96349
2024-06-01 18:29:23.958,40.916476,40.96349
2024-06-01 18:29:24.470,40.916476,40.96349
2024-06-01 18:29:24.982,40.916476,40.96349
2024-06-01 18:29:25.494,40.916476,40.966934
2024-06-01 18:29:26.006,40.916476,40.966934
2024-06-01 18:29:26.518,40.916476,40.966934
2024-06-01 18:29:27.030,40.916476,40.966934
2024-06-01 18:29:27.542,40.916476,40.96349
2024-06-01 18:29:28.054,40.84564,40.96349
2024-06-01 18:29:28.566,40.84564,40.96349
2024-06-01 18:29:29.078,40.84564,40.96349
2024-06-01 18:29:29.590,40.84564,40.966934
2024-06-01 18:29:30.102,40.84564,40.913055
2024-06-01 18:29:30.614,40.84564,40.913055
2024-06-01 18:29:31.126,40.84564,40.966934
2024-06-01 18:29:31.638,40.84564,40.966934
2024-06-01 18:29:32.150,40.916476,40.966934
2024-06-01 18:29:32.662,40.916476,40.966934
2024-06-01 18:29:33.174,40.916476,40.966934
2024-06-01 18:29:33.686,40.916476,40.95513
2024-06-01 18:29:34.198,40.916476,40.95513
2024-06-01 18:29:34.710,40.916476,40.95513
2024-06-01 18:29:35.222,40.916476,40.95513
2024-06-01 18:29:35.734,40.916476,40.966934
2024-06-01 18:29:36.246,40.916476,40.966934
2024-06-01 18:29:36.758,40.916476,40.966934
2024-06-01 18:29:37.270,40.916476,40.966934
2024-06-01 18:29:37.782,40.916476,40.96349
2024-06-01 18:29:38.294,40.84564,40.96349
2024-06-01 18:29:38.806,40.84564,40.96349
2024-06-01 18:29:39.318,40.84564,40.96349
2024-06-01 18:29:39.830,40.84564,40.96907
2024-06-01 18:29:40.342,40.84564,40.96907
2024-06-01 18:29:40.854,40.84564,40.96907
2024-06-01 18:29:41.366,40.84564,40.96907
2024-06-01 18:29:41.878,40.84564,40.966934
2024-06-01 18:29:42.390,40.916476,40.966934
2024-06-01 18:29:42.902,40.916476,40.966934
2024-06-01 18:29:43.414,40.916476,40.966934
2024-06-01 18:29:43.926,40.916476,40.96349
2024-06-01 18:29:44.438,40.916476,40.96349
2024-06-01 18:29:44.950,40.916476,40.96349
2024-06-01 18:29:45.462,40.916476,40.96349
2024-06-01 18:29:45.974,40.916476,40.96349
2024-06-01 18:29:46.486,40.916476,40.96349
2024-06-01 18:29:46.998,40.916476,40.96349
2024-06-01 18:29:47.510,40.916476,40.96349
2024-06-01 18:29:48.022,40.916476,40.959312
2024-06-01 18:29:48.534,40.916476,40.959312
2024-06-01 18:29:49.046,40.916476,40.959312
2024-06-01 18:29:49.558,40.916476,40.959312
2024-06-01 18:29:50.070,40.916476,40.96907
2024-06-01 18:29:50.582,40.84564,40.96907
2024-06-01 18:29:51.094,40.84564,40.96907
2024-06-01 18:29:51.606,40.84564,40.89991
2024-06-01 18:29:52.118,40.84564,40.884117
2024-06-01 18:29:52.630,40.916476,40.96349
2024-06-01 18:29:53.142,40.916476,40.963493
2024-06-01 18:29:53.654,40.916476,40.963493
2024-06-01 18:29:54.166,40.916476,40.96349
2024-06-01 18:29:54.678,40.84564,40.937706
2024-06-01 18:29:55.190,40.84564,40.937706
2024-06-01 18:29:55.702,40.84564,40.96349
2024-06-01 18:29:56.214,40.84564,40.966934
2024-06-01 18:29:56.726,40.916476,40.966934
2024-06-01 18:29:57.238,40.916476,40.966934
2024-06-01 18:29:57.750,40.916476,40.966934
2024-06-01 18:29:58.262,40.916476,40.96349
2024-06-01 18:29:58.774,40.916476,40.96349
2024-06-01 18:29:59.286,40.916476,40.96349
2024-06-01 18:29:59.798,40.916476,40.96349
2024-06-01 18:30:00.310,40.916476,40.96907
2024-06-01 18:30:00.822,40.916476,40.96907
2024-06-01 18:30:01.334,40.916476,40.96907
2024-06-01 18:30:01.846,40.916476,40.942127
2024-06-01 18:30:02.358,40.916476,40.942127
2024-06-01 18:30:02.870,40.916476,40.96907
2024-06-01 18:30:03.382,40.916476,40.96907
2024-06-01 18:30:03.894,40.916476,40.96907
2024-06-01 18:30:04.406,40.916476,40.96349
2024-06-01 18:30:04.918,40.916476,40.96349
2024-06-01 18:30:05.430,40.916476,40.96349
2024-06-01 18:30:05.942,40.916476,40.96349
2024-06-01 18:30:06.454,40.916476,40.966934
2024-06-01 18:30:06.966,40.84564,40.966934
2024-06-01 18:30:07.478,40.84564,40.966934
2024-06-01 18:30:07.990,40.84564,40.966934
2024-06-01 18:30:08.502,40.84564,40.966934
2024-06-01 18:30:09.014,40.84564,40.966934
2024-06-01 18:30:09.526,40.84564,40.966934
2024-06-01 18:30:10.038,40.84564,40.966934
2024-06-01 18:30:10.550,40.84564,40.96907
2024-06-01 18:30:11.062,40.84564,40.919235
2024-06-01 18:30:11.574,40.84564,40.919235
2024-06-01 18:30:12.086,40.84564,40.96907
2024-06-01 18:30:12.598,40.84564,40.966934
2024-06-01 18:30:13.110,40.84564,40.939995
2024-06-01 18:30:13.622,40.84564,40.939995
2024-06-01 18:30:14.134,40.84564,40.966934
2024-06-01 18:30:14.646,40.84564,40.966934
2024-06-01 18:30:15.158,40.916476,40.966934
2024-06-01 18:30:15.670,40.916476,40.966934
2024-06-01 18:30:16.182,40.916476,40.966934
2024-06-01 18:30:16.694,40.916476,40.96349
2024-06-01 18:30:17.206,40.916476,40.96349
2024-06-01 18:30:17.718,40.916476,40.96349
2024-06-01 18:30:18.230,40.916476,40.937706
2024-06-01 18:30:18.742,40.916476,40.939995
2024-06-01 18:30:19.254,40.84564,40.966934
2024-06-01 18:30:19.766,40.84564,40.966934
2024-06-01 18:30:20.278,40.84564,40.966934
2024-06-01 18:30:20.790,40.84564,40.96907
2024-06-01 18:30:21.302,40.916476,40.96907
2024-06-01 18:30:21.813,40.916476,40.96907
2024-06-01 18:30:22.325,40.916476,40.96907
2024-06-01 18:30:22.837,40.916476,40.966934
2024-06-01 18:30:23.349,40.84564,40.939995
2024-06-01 18:30:23.861,40.84564,40.939995
2024-06-01 18:30:24.373,40.84564,40.966934
2024-06-01 18:30:24.885,40.84564,40.966934
2024-06-01 18:30:25.397,40.84564,40.966934
2024-06-01 18:30:25.909,40.84564,40.966934
2024-06-01 18:30:26.421,40.84564,40.966934
2024-06-01 18:30:26.933,40.84564,40.966934
2024-06-01 18:30:27.445,40.84564,40.891853
2024-06-01 18:30:27.957,40.84564,40.891853
2024-06-01 18:30:28.469,40.84564,40.966934
2024-06-01 18:30:28.981,40.84564,40.96349
2024-06-01 18:30:29.493,40.916476,40.96349
2024-06-01 18:30:30.005,40.916476,40.96349
2024-06-01 18:30:30.517,40.916476,40.96349
2024-06-01 18:30:31.029,40.916476,40.966934
2024-06-01 18:30:31.541,40.916476,40.966934
2024-06-01 18:30:32.053,40.916476,40.966934
2024-06-01 18:30:32.565,40.916476,40.966934
2024-06-01 18:30:33.077,40.916476,40.966934
2024-06-01 18:30:33.589,40.84564,40.966934
2024-06-01 18:30:34.101,40.84564,40.966934
2024-06-01 18:30:34.613,40.84564,40.966934
2024-06-01 18:30:35.125,40.84564,40.971207
2024-06-01 18:30:35.637,40.84564,40.946613
2024-06-01 18:30:36.149,40.84564,40.946613
2024-06-01 18:30:36.661,40.84564,40.927288
2024-06-01 18:30:37.173,40.84564,40.910923
2024-06-01 18:30:37.685,40.916476,40.96349
2024-06-01 18:30:38.197,40.916476,40.96349
2024-06-01 18:30:38.709,40.916476,40.96349
2024-06-01 18:30:39.221,40.916476,40.966934
2024-06-01 18:30:39.733,40.916476,40.966934
2024-06-01 18:30:40.245,40.916476,40.966934
2024-06-01 18:30:40.757,40.916476,40.966934
2024-06-01 18:30:41.269,40.916476,40.96907
2024-06-01 18:30:41.781,40.916476,40.96907
2024-06-01 18:30:42.293,40.916476,40.96907
2024-06-01 18:30:42.805,40.916476,40.96907
2024-06-01 18:30:43.317,40.916476,40.96349
2024-06-01 18:30:43.829,40.84564,40.96349
2024-06-01 18:30:44.341,40.84564,40.96349
2024-06-01 18:30:44.853,40.84564,40.96349
2024-06-01 18:30:45.365,40.84564,40.96907
2024-06-01 18:30:45.877,40.84564,40.942127
2024-06-01 18:30:46.389,40.84564,40.942127
2024-06-01 18:30:46.901,40.84564,40.96907
2024-06-01 18:30:47.413,40.84564,40.966934
2024-06-01 18:30:47.925,40.84564,40.966934
2024-06-01 18:30:48.437,40.84564,40.966934
2024-06-01 18:30:48.949,40.84564,40.939995
2024-06-01 18:30:49.461,40.84564,40.939995
2024-06-01 18:30:49.973,40.84564,40.939995
2024-06-01 18:30:50.485,40.84564,40.939995
2024-06-01 18:30:50.997,40.84564,40.939995
2024-06-01 18:30:51.509,40.84564,40.942127
2024-06-01 18:30:52.021,40.84564,40.942127
2024-06-01 18:30:52.533,40.84564,40.942127
2024-06-01 18:30:53.045,40.84564,40.96907
2024-06-01 18:30:53.557,40.84564,40.96907
2024-06-01 18:30:54.069,40.84564,40.96907
2024-06-01 18:30:54.581,40.84564,40.96907
2024-06-01 18:30:55.093,40.84564,40.96907
2024-06-01 18:30:55.605,40.84564,40.966934
2024-06-01 18:30:56.117,40.916476,40.966934
2024-06-01 18:30:56.629,40.916476,40.966934
2024-06-01 18:30:57.141,40.916476,40.966934
2024-06-01 18:30:57.653,40.916476,40.96349
2024-06-01 18:30:58.165,40.916476,40.96349
2024-06-01 18:30:58.677,40.916476,40.963493
2024-06-01 18:30:59.189,40.916476,40.963493
2024-06-01 18:30:59.701,40.916476,40.966934
2024-06-01 18:31:00.213,40.916476,40.966934
2024-06-01 18:31:00.725,40.916476,40.966934
2024-06-01 18:31:01.237,40.916476,40.966934
2024-06-01 18:31:01.749,40.916476,40.966934
2024-06-01 18:31:02.261,40.916476,40.966934
2024-06-01 18:31:02.773,40.916476,40.966934
2024-06-01 18:31:03.285,40.916476,40.966934
2024-06-01 18:31:03.797,40.916476,40.96907
2024-06-01 18:31:04.309,40.84564,40.96907
2024-06-01 18:31:04.821,40.84564,40.96907
2024-06-01 18:31:05.333,40.84564,40.96907
2024-06-01 18:31:05.845,40.84564,40.96907
2024-06-01 18:31:06.357,40.84564,40.96907
2024-06-01 18:31:06.869,40.84564,40.96907
2024-06-01 18:31:07.381,40.84564,40.96907
2024-06-01 18:31:07.893,40.84564,40.96349
2024-06-01 18:31:08.405,40.84564,40.910923
2024-06-01 18:31:08.917,40.84564,40.910923
2024-06-01 18:31:09.429,40.84564,40.96349
2024-06-01 18:31:09.941,40.84564,40.96907
2024-06-01 18:31:10.453,40.916476,40.96907
2024-06-01 18:31:10.965,40.916476,40.96907
2024-06-01 18:31:11.477,40.916476,40.96907
2024-06-01 18:31:11.989,40.916476,40.966934
2024-06-01 18:31:12.501,40.916476,40.966934
2024-06-01 18:31:13.013,40.916476,40.966934
2024-06-01 18:31:13.525,40.916476,40.966934
2024-06-01 18:31:14.037,40.916476,40.966934
2024-06-01 18:31:14.549,40.84564,40.966934
2024-06-01 18:31:15.061,40.84564,40.966934
2024-06-01 18:31:15.573,40.84564,40.966934
2024-06-01 18:31:16.085,40.84564,40.971207
2024-06-01 18:31:16.597,40.84564,40.927288
2024-06-01 18:31:17.109,40.84564,40.927288
2024-06-01 18:31:17.621,40.84564,40.946613
2024-06-01 18:31:18.133,40.84564,40.937706
2024-06-01 18:31:18.645,40.916476,40.96349
2024-06-01 18:31:19.157,40.916476,40.96349
2024-06-01 18:31:19.669,40.916476,40.937706
2024-06-01 18:31:20.181,40.916476,40.942127
2024-06-01 18:31:20.693,40.916476,40.96907
2024-06-01 18:31:21.205,40.916476,40.96907
2024-06-01 18:31:21.717,40.916476,40.96907
2024-06-01 18:31:22.229,40.916476,40.971207
2024-06-01 18:31:22.741,40.916476,40.971207
2024-06-01 18:31:23.253,40.916476,40.971207
2024-06-01 18:31:23.765,40.916476,40.946613
2024-06-01 18:31:24.277,40.916476,40.939995
2024-06-01 18:31:24.789,40.84564,40.913055
2024-06-01 18:31:25.301,40.84564,40.913055
2024-06-01 18:31:25.813,40.84564,40.966934
2024-06-01 18:31:26.325,40.84564,40.966934
2024-06-01 18:31:26.837,40.916476,40.966934
2024-06-01 18:31:27.349,40.916476,40.966934
2024-06-01 18:31:27.861,40.916476,40.939995
2024-06-01 18:31:28.373,40.916476,40.939995
2024-06-01 18:31:28.885,40.916476,40.966934
2024-06-01 18:31:29.397,40.916476,40.966934
2024-06-01 18:31:29.909,40.916476,40.939995
2024-06-01 18:31:30.421,40.916476,40.939995
2024-06-01 18:31:30.933,40.916476,40.966934
2024-06-01 18:31:31.445,40.916476,40.966934
2024-06-01 18:31:31.957,40.916476,40.939995
2024-06-01 18:31:32.469,40.916476,40.939995
2024-06-01 18:31:32.981,40.916476,40.966934
2024-06-01 18:31:33.493,40.916476,40.966934
2024-06-01 18:31:34.005,40.916476,40.966934
2024-06-01 18:31:34.517,40.916476,40.96907
2024-06-01 18:31:35.029,40.916476,40.96907
2024-06-01 18:31:35.541,40.916476,40.96907
2024-06-01 18:31:36.053,40.916476,40.96907
2024-06-01 18:31:36.565,40.916476,40.96907
2024-06-01 18:31:37.077,40.916476,40.96907
2024-06-01 18:31:37.589,40.916476,40.96907
2024-06-01 18:31:38.101,40.916476,40.96907
2024-06-01 18:31:38.613,40.916476,40.96349
2024-06-01 18:31:39.125,40.916476,40.96349
2024-06-01 18:31:39.637,40.916476,40.96349
2024-06-01 18:31:40.149,40.916476,40.96349
2024-06-01 18:31:40.661,40.916476,40.971207
2024-06-01 18:31:41.173,40.84564,40.946613
2024-06-01 18:31:41.685,40.84564,40.946613
2024-06-01 18:31:42.197,40.84564,40.971207
2024-06-01 18:31:42.709,40.84564,40.966934
2024-06-01 18:31:43.221,40.916476,40.966934
2024-06-01 18:31:43.733,40.916476,40.966934
2024-06-01 18:31:44.245,40.916476,40.966934
2024-06-01 18:31:44.757,40.916476,40.96349
2024-06-01 18:31:45.269,40.916476,40.96349
2024-06-01 18:31:45.781,40.916476,40.96349
2024-06-01 18:31:46.293,40.916476,40.96349
2024-06-01 18:31:46.805,40.916476,40.96907
2024-06-01 18:31:47.317,40.916476,40.96907
2024-06-01 18:31:47.829,40.916476,40.96907
2024-06-01 18:31:48.341,40.916476,40.96907
2024-06-01 18:31:48.853,40.916476,40.959312
2024-06-01 18:31:49.365,40.916476,40.959312
2024-06-01 18:31:49.877,40.916476,40.959312
2024-06-01 18:31:50.389,40.916476,40.959312
2024-06-01 18:31:50.901,40.916476,40.966934
2024-06-01 18:31:51.413,40.916476,40.966934
2024-06-01 18:31:51.925,40.916476,40.966934
2024-06-01 18:31:52.437,40.916476,40.966934
2024-06-01 18:31:52.949,40.916476,40.96907
2024-06-01 18:31:53.461,40.916476,40.96907
2024-06-01 18:31:53.972,40.916476,40.96907
2024-06-01 18:31:54.484,40.916476,40.96907
2024-06-01 18:31:54.996,40.916476,40.959312
2024-06-01 18:31:55.508,40.916476,40.959312
2024-06-01 18:31:56.020,40.916476,40.959312
2024-06-01 18:31:56.532,40.916476,40.959312
2024-06-01 18:31:57.044,40.916476,40.96349
2024-06-01 18:31:57.556,40.916476,40.96349
2024-06-01 18:31:58.068,40.916476,40.96349
2024-06-01 18:31:58.580,40.916476,40.96349
2024-06-01 18:31:59.092,40.916476,40.959312
2024-06-01 18:31:59.604,40.916476,40.959312
2024-06-01 18:32:00.116,40.916476,40.959312
2024-06-01 18:32:00.628,40.916476,40.959312
2024-06-01 18:32:01.140,40.916476,40.966934
2024-06-01 18:32:01.652,40.916476,40.966934
2024-06-01 18:32:02.164,40.916476,40.966934
2024-06-01 18:32:02.676,40.916476,40.966934
2024-06-01 18:32:03.188,40.916476,40.95513
2024-06-01 18:32:03.700,40.916476,40.95513
2024-06-01 18:32:04.212,40.916476,40.95513
2024-06-01 18:32:04.724,40.916476,40.95513
2024-06-01 18:32:05.236,40.916476,40.966934
2024-06-01 18:32:05.748,40.84564,40.891853
2024-06-01 18:32:06.260,40.84564,40.891853
2024-06-01 18:32:06.772,40.84564,40.966934
2024-06-01 18:32:07.284,40.84564,40.966934
2024-06-01 18:32:07.796,40.916476,40.966934
2024-06-01 18:32:08.308,40.916476,40.966934
2024-06-01 18:32:08.820,40.916476,40.966934
2024-06-01 18:32:09.332,40.916476,40.959312
2024-06-01 18:32:09.844,40.916476,40.959312
2024-06-01 18:32:10.356,40.916476,40.959312
2024-06-01 18:32:10.868,40.916476,40.959312
2024-06-01 18:32:11.380,40.916476,40.96907
2024-06-01 18:32:11.892,40.916476,40.96907
2024-06-01 18:32:12.404,40.916476,40.96907
2024-06-01 18:32:12.916,40.916476,40.96907
2024-06-01 18:32:13.428,40.916476,40.966934
2024-06-01 18:32:13.940,40.84564,40.913055
2024-06-01 18:32:14.452,40.84564,40.913055
2024-06-01 18:32:14.964,40.84564,40.966934
2024-06-01 18:32:15.476,40.84564,40.966934
2024-06-01 18:32:15.988,40.916476,40.966934
2024-06-01 18:32:16.500,40.916476,40.966934
2024-06-01 18:32:17.012,40.916476,40.966934
2024-06-01 18:32:17.524,40.916476,40.96907
2024-06-01 18:32:18.036,40.84564,40.96907
2024-06-01 18:32:18.548,40.84564,40.96907
2024-06-01 18:32:19.060,40.84564,40.96907
2024-06-01 18:32:19.572,40.84564,40.96349
2024-06-01 18:32:20.084,40.916476,40.96349
2024-06-01 18:32:20.596,40.916476,40.963493
2024-06-01 18:32:21.108,40.916476,40.937702
2024-06-01 18:32:21.620,40.916476,40.939995
2024-06-01 18:32:22.132,40.916476,40.966934
2024-06-01 18:32:22.644,40.916476,40.966934
2024-06-01 18:32:23.156,40.916476,40.939995
2024-06-01 18:32:23.668,40.916476,40.942127
2024-06-01 18:32:24.180,40.916476,40.96907
2024-06-01 18:32:24.692,40.916476,40.96907
2024-06-01 18:32:25.204,40.916476,40.96907
2024-06-01 18:32:25.716,40.916476,40.96349
2024-06-01 18:32:26.228,40.916476,40.96349
2024-06-01 18:32:26.740,40.916476,40.96349
2024-06-01 18:32:27.252,40.916476,40.96349
2024-06-01 18:32:27.764,40.916476,40.966934
2024-06-01 18:32:28.276,40.84564,40.966934
2024-06-01 18:32:28.788,40.84564,40.966934
2024-06-01 18:32:29.300,40.84564,40.966934
2024-06-01 18:32:29.812,40.84564,40.966934
2024-06-01 18:32:30.324,40.84564,40.913055
2024-06-01 18:32:30.836,40.84564,40.913055
2024-06-01 18:32:31.348,40.84564,40.966934
2024-06-01 18:32:31.860,40.84564,40.96349
2024-06-01 18:32:32.372,40.916476,40.96349
2024-06-01 18:32:32.884,40.916476,40.96349
2024-06-01 18:32:33.396,40.916476,40.96349
2024-06-01 18:32:33.908,40.916476,40.96907
2024-06-01 18:32:34.420,40.84564,40.96907
2024-06-01 18:32:34.932,40.84564,40.96907
2024-06-01 18:32:35.444,40.84564,40.942127
2024-06-01 18:32:35.956,40.84564,40.937706
2024-06-01 18:32:36.468,40.84564,40.937706
2024-06-01 18:32:36.980,40.84564,40.937702
2024-06-01 18:32:37.492,40.84564,40.910927
2024-06-01 18:32:38.004,40.84564,40.919235
2024-06-01 18:32:38.516,40.84564,40.96907
2024-06-01 18:32:39.028,40.84564,40.96907
2024-06-01 18:32:39.540,40.84564,40.96907
2024-06-01 18:32:40.052,40.84564,40.966934
2024-06-01 18:32:40.564,40.916476,40.966934
2024-06-01 18:32:41.076,40.916476,40.966934
2024-06-01 18:32:41.588,40.916476,40.966934
2024-06-01 18:32:42.100,40.916476,40.966934
2024-06-01 18:32:42.612,40.916476,40.966934
2024-06-01 18:32:43.124,40.916476,40.966934
2024-06-01 18:32:43.636,40.916476,40.966934
2024-06-01 18:32:44.148,40.916476,40.966934
2024-06-01 18:32:44.660,40.916476,40.966934
2024-06-01 18:32:45.172,40.916476,40.966934
2024-06-01 18:32:45.684,40.916476,40.966934
2024-06-01 18:32:46.196,40.916476,40.966934
2024-06-01 18:32:46.708,40.84564,40.966934
2024-06-01 18:32:47.220,40.84564,40.966934
2024-06-01 18:32:47.732,40.84564,40.966934
2024-06-01 18:32:48.244,40.84564,40.96907
2024-06-01 18:32:48.756,40.84564,40.919235
2024-06-01 18:32:49.268,40.84564,40.919235
2024-06-01 18:32:49.780,40.84564,40.96907
2024-06-01 18:32:50.292,40.84564,40.96349
2024-06-01 18:32:50.804,40.916476,40.96349
2024-06-01 18:32:51.316,40.916476,40.96349
2024-06-01 18:32:51.828,40.916476,40.96349
2024-06-01 18:32:52.340,40.916476,40.96907
2024-06-01 18:32:52.852,40.916476,40.96907
2024-06-01 18:32:53.364,40.916476,40.96907
2024-06-01 18:32:53.876,40.916476,40.94213
2024-06-01 18:32:54.388,40.916476,40.946613
2024-06-01 18:32:54.900,40.916476,40.927288
2024-06-01 18:32:55.412,40.916476,40.927288
2024-06-01 18:32:55.924,40.916476,40.971207
2024-06-01 18:32:56.436,40.916476,40.96349
2024-06-01 18:32:56.948,40.84564,40.937706
2024-06-01 18:32:57.460,40.84564,40.937706
2024-06-01 18:32:57.972,40.84564,40.96349
2024-06-01 18:32:58.484,40.84564,40.971207
2024-06-01 18:32:58.996,40.916476,40.971207
2024-06-01 18:32:59.508,40.916476,40.971207
2024-06-01 18:33:00.020,40.916476,40.971207
2024-06-01 18:33:00.532,40.916476,40.966934
2024-06-01 18:33:01.044,40.916476,40.966934
2024-06-01 18:33:01.556,40.916476,40.966934
2024-06-01 18:33:02.068,40.916476,40.939995
2024-06-01 18:33:02.580,40.916476,40.939995
2024-06-01 18:33:03.092,40.84564,40.891853
2024-06-01 18:33:03.604,40.84564,40.891853
2024-06-01 18:33:04.116,40.84564,40.939995
2024-06-01 18:33:04.628,40.84564,40.946613
2024-06-01 18:33:05.140,40.84564,40.927288
2024-06-01 18:33:05.652,40.84564,40.927288
2024-06-01 18:33:06.164,40.84564,40.971207
2024-06-01 18:33:06.676,40.84564,40.96349
2024-06-01 18:33:07.188,40.84564,40.96349
2024-06-01 18:33:07.700,40.84564,40.96349
2024-06-01 18:33:08.212,40.84564,40.937706
2024-06-01 18:33:08.724,40.84564,40.942127
2024-06-01 18:33:09.236,40.84564,40.96907
2024-06-01 18:33:09.748,40.84564,40.96907
2024-06-01 18:33:10.260,40.84564,40.96907
2024-06-01 18:33:10.772,40.84564,40.966934
2024-06-01 18:33:11.284,40.916476,40.966934
2024-06-01 18:33:11.796,40.916476,40.966934
2024-06-01 18:33:12.308,40.916476,40.966934
2024-06-01 18:33:12.820,40.916476,40.966934
2024-06-01 18:33:13.332,40.916476,40.966934
2024-06-01 18:33:13.844,40.916476,40.966934
2024-06-01 18:33:14.356,40.916476,40.966934
2024-06-01 18:33:14.868,40.916476,40.96907
2024-06-01 18:33:15.380,40.84564,40.96907
2024-06-01 18:33:15.892,40.84564,40.96907
2024-06-01 18:33:16.404,40.84564,40.96907
2024-06-01 18:33:16.916,40.84564,40.966934
2024-06-01 18:33:17.428,40.916476,40.966934
2024-06-01 18:33:17.940,40.916476,40.966934
2024-06-01 18:33:18.452,40.916476,40.966934
2024-06-01 18:33:18.964,40.916476,40.96907
2024-06-01 18:33:19.476,40.84564,40.96907
2024-06-01 18:33:19.988,40.84564,40.96907
2024-06-01 18:33:20.500,40.84564,40.96907
2024-06-01 18:33:21.012,40.84564,40.959312
2024-06-01 18:33:21.524,40.84564,40.959312
2024-06-01 18:33:22.036,40.84564,40.959312
2024-06-01 18:33:22.548,40.84564,40.959312
2024-06-01 18:33:23.060,40.84564,40.96907
2024-06-01 18:33:23.572,40.84564,40.96907
2024-06-01 18:33:24.084,40.84564,40.96907
2024-06-01 18:33:24.596,40.84564,40.942127
2024-06-01 18:33:25.108,40.84564,40.942127
2024-06-01 18:33:25.620,40.916476,40.96907
2024-06-01 18:33:26.132,40.916476,40.96907
2024-06-01 18:33:26.643,40.916476,40.94213
2024-06-01 18:33:27.155,40.916476,40.937706
2024-06-01 18:33:27.667,40.916476,40.96349
2024-06-01 18:33:28.179,40.916476,40.96349
2024-06-01 18:33:28.691,40.916476,40.937706
2024-06-01 18:33:29.203,40.916476,40.942127
2024-06-01 18:33:29.715,40.916476,40.96907
2024-06-01 18:33:30.227,40.916476,40.96907
2024-06-01 18:33:30.739,40.916476,40.96907
2024-06-01 18:33:31.251,40.916476,40.96349
2024-06-01 18:33:31.763,40.916476,40.96349
2024-06-01 18:33:32.275,40.916476,40.96349
2024-06-01 18:33:32.787,40.916476,40.96349
2024-06-01 18:33:33.299,40.916476,40.96907
2024-06-01 18:33:33.811,40.916476,40.96907
2024-06-01 18:33:34.323,40.916476,40.96907
2024-06-01 18:33:34.835,40.916476,40.919235
2024-06-01 18:33:35.347,40.916476,40.919235
2024-06-01 18:33:35.859,40.916476,40.96907
2024-06-01 18:33:36.371,40.916476,40.96907
2024-06-01 18:33:36.883,40.916476,40.96907
2024-06-01 18:33:37.395,40.916476,40.96349
2024-06-01 18:33:37.907,40.84564,40.96349
2024-06-01 18:33:38.419,40.84564,40.96349
2024-06-01 18:33:38.931,40.84564,40.96349
2024-06-01 18:33:39.443,40.84564,40.966934
2024-06-01 18:33:39.955,40.84564,40.966934
2024-06-01 18:33:40.467,40.84564,40.966934
2024-06-01 18:33:40.979,40.84564,40.966934
2024-06-01 18:33:41.491,40.84564,40.959312
2024-06-01 18:33:42.003,40.916476,40.959312
2024-06-01 18:33:42.515,40.916476,40.95931
2024-06-01 18:33:43.027,40.916476,40.95931
2024-06-01 18:33:43.539,40.916476,40.96907
2024-06-01 18:33:44.051,40.916476,40.96907
2024-06-01 18:33:44.563,40.916476,40.96907
2024-06-01 18:33:45.075,40.916476,40.96907
2024-06-01 18:33:45.587,40.916476,40.96349
2024-06-01 18:33:46.099,40.84564,40.96349
2024-06-01 18:33:46.611,40.84564,40.96349
2024-06-01 18:33:47.123,40.84564,40.884117
2024-06-01 18:33:47.635,40.84564,40.882427
2024-06-01 18:33:48.147,40.84564,40.959312
2024-06-01 18:33:48.659,40.84564,40.959312
2024-06-01 18:33:49.171,40.84564,40.90773
2024-06-01 18:33:49.683,40.84564,40.910923
2024-06-01 18:33:50.195,40.916476,40.96349
2024-06-01 18:33:50.707,40.916476,40.96349
2024-06-01 18:33:51.219,40.916476,40.96349
2024-06-01 18:33:51.731,40.916476,40.959312
2024-06-01 18:33:52.243,40.916476,40.959312
2024-06-01 18:33:52.755,40.916476,40.959312
2024-06-01 18:33:53.267,40.916476,40.959312
2024-06-01 18:33:53.779,40.916476,40.966934
2024-06-01 18:33:54.291,40.84564,40.913055
2024-06-01 18:33:54.803,40.84564,40.913055
2024-06-01 18:33:55.315,40.84564,40.891853
2024-06-01 18:33:55.827,40.84564,40.882427
2024-06-01 18:33:56.339,40.84564,40.959312
2024-06-01 18:33:56.851,40.84564,40.959312
2024-06-01 18:33:57.363,40.84564,40.959312
2024-06-01 18:33:57.875,40.84564,40.96349
2024-06-01 18:33:58.387,40.84564,40.96349
2024-06-01 18:33:58.899,40.84564,40.963493
2024-06-01 18:33:59.411,40.84564,40.963493
2024-06-01 18:33:59.923,40.84564,40.966934
2024-06-01 18:34:00.435,40.916476,40.966934
2024-06-01 18:34:00.947,40.916476,40.966934
2024-06-01 18:34:01.459,40.916476,40.966934
2024-06-01 18:34:01.971,40.916476,40.95513
2024-06-01 18:34:02.483,40.916476,40.95513
2024-06-01 18:34:02.995,40.916476,40.95513
2024-06-01 18:34:03.507,40.916476,40.95513
2024-06-01 18:34:04.019,40.916476,40.966934
2024-06-01 18:34:04.531,40.84564,40.966934
2024-06-01 18:34:05.043,40.84564,40.966934
2024-06-01 18:34:05.555,40.84564,40.966934
2024-06-01 18:34:06.067,40.84564,40.96349
2024-06-01 18:34:06.579,40.84564,40.96349
2024-06-01 18:34:07.091,40.84564,40.969563
2024-06-01 18:34:07.603,40.84564,40.94323
2024-06-01 18:34:08.115,40.84564,40.941544
2024-06-01 18:34:08.627,40.84564,40.967445
2024-06-01 18:34:09.139,40.84564,40.967445
2024-06-01 18:34:09.651,40.84564,40.967445
2024-06-01 18:34:10.163,40.84564,40.967445
2024-06-01 18:34:10.675,40.84564,40.830597
2024-06-01 18:34:11.187,40.84564,40.830597
2024-06-01 18:34:11.699,40.84564,40.54356
2024-06-01 18:34:12.211,40.84564,40.54356
2024-06-01 18:34:12.723,40.774804,40.54356
2024-06-01 18:34:13.235,40.774804,40.54356
2024-06-01 18:34:13.747,40.774804,40.532967
2024-06-01 18:34:14.259,40.774804,40.699963
2024-06-01 18:34:14.771,40.703968,40.607586
2024-06-01 18:34:15.283,40.703968,40.607594
2024-06-01 18:34:15.795,40.703968,40.5665
2024-06-01 18:34:16.307,40.703968,40.598305
2024-06-01 18:34:16.819,40.703968,40.567814
2024-06-01 18:34:17.331,40.703968,40.567814
2024-06-01 18:34:17.843,40.703968,40.573143
2024-06-01 18:34:18.355,40.703968,40.573143
2024-06-01 18:34:18.867,40.703968,40.573143
2024-06-01 18:34:19.379,40.703968,40.573143
2024-06-01 18:34:19.891,40.703968,40.552048
2024-06-01 18:34:20.403,40.703968,40.464844
2024-06-01 18:34:20.915,40.703968,40.49115
2024-06-01 18:34:21.427,40.703968,40.49115
2024-06-01 18:34:21.939,40.703968,40.43854
2024-06-01 18:34:22.451,40.703968,40.43854
2024-06-01 18:34:22.963,40.633132,40.464844
2024-06-01 18:34:23.475,40.633132,40.447044
2024-06-01 18:34:23.987,40.633132,40.461124
2024-06-01 18:34:24.499,40.633132,40.543797
2024-06-01 18:34:25.011,40.633132,40.546234
2024-06-01 18:34:25.523,40.633132,40.546234
2024-06-01 18:34:26.035,40.633132,40.546234
2024-06-01 18:34:26.547,40.633132,40.4765
2024-06-01 18:34:27.059,40.633132,40.4765
2024-06-01 18:34:27.571,40.633132,40.4765
2024-06-01 18:34:28.083,40.633132,40.48684
2024-06-01 18:34:28.595,40.633132,40.515324
2024-06-01 18:34:29.107,40.633132,40.504005
2024-06-01 18:34:29.619,40.633132,40.504005
2024-06-01 18:34:30.131,40.633132,40.511375
2024-06-01 18:34:30.643,40.633132,40.45051
2024-06-01 18:34:31.155,40.633132,40.461124
2024-06-01 18:34:31.667,40.633132,40.46112
2024-06-01 18:34:32.179,40.633132,40.450504
2024-06-01 18:34:32.691,40.633132,40.4765
2024-06-01 18:34:33.203,40.633132,40.4765
2024-06-01 18:34:33.715,40.633132,40.4765
2024-06-01 18:34:34.227,40.633132,40.48684
2024-06-01 18:34:34.739,40.633132,40.515324
2024-06-01 18:34:35.251,40.633132,40.495293
2024-06-01 18:34:35.763,40.633132,40.495293
2024-06-01 18:34:36.275,40.633132,40.471283
2024-06-01 18:34:36.787,40.633132,40.549984
2024-06-01 18:34:37.299,40.633132,40.549984
2024-06-01 18:34:37.811,40.633132,40.549984
2024-06-01 18:34:38.323,40.633132,40.534847
2024-06-01 18:34:38.835,40.633132,40.534847
2024-06-01 18:34:39.347,40.633132,40.56513
2024-06-01 18:34:39.859,40.633132,40.56513
2024-06-01 18:34:40.371,40.633132,40.56513
2024-06-01 18:34:40.883,40.633132,40.538338
2024-06-01 18:34:41.395,40.633132,40.538338
2024-06-01 18:34:41.907,40.633132,40.538338
2024-06-01 18:34:42.419,40.633132,40.55439
2024-06-01 18:34:42.931,40.633132,40.57891
2024-06-01 18:34:43.443,40.633132,40.549984
2024-06-01 18:34:43.955,40.633132,40.549984
2024-06-01 18:34:44.467,40.633132,40.549984
2024-06-01 18:34:44.979,40.633132,40.549984
2024-06-01 18:34:45.491,40.633132,40.534847
2024-06-01 18:34:46.003,40.633132,40.534847
2024-06-01 18:34:46.515,40.633132,40.534847
2024-06-01 18:34:47.027,40.633132,40.534847
2024-06-01 18:34:47.539,40.633132,40.57891
2024-06-01 18:34:48.051,40.633132,40.578915
2024-06-01 18:34:48.563,40.633132,40.549984
2024-06-01 18:34:49.075,40.633132,40.560463
2024-06-01 18:34:49.587,40.633132,40.58327
2024-06-01 18:34:50.099,40.633132,40.58327
2024-06-01 18:34:50.611,40.633132,40.58327
2024-06-01 18:34:51.123,40.633132,40.56513
2024-06-01 18:34:51.635,40.633132,40.549984
2024-06-01 18:34:52.147,40.633132,40.549984
2024-06-01 18:34:52.659,40.633132,40.56513
2024-06-01 18:34:53.171,40.633132,40.538338
2024-06-01 18:34:53.683,40.633132,40.525124
2024-06-01 18:34:54.195,40.633132,40.525124
2024-06-01 18:34:54.707,40.633132,40.517956
2024-06-01 18:34:55.219,40.633132,40.534847
2024-06-01 18:34:55.731,40.633132,40.549984
2024-06-01 18:34:56.243,40.633132,40.52283
2024-06-01 18:34:56.755,40.633132,40.53927
2024-06-01 18:34:57.267,40.633132,40.53927
2024-06-01 18:34:57.779,40.633132,40.53927
2024-06-01 18:34:58.291,40.633132,40.53927
2024-06-01 18:34:58.802,40.633132,40.533176
2024-06-01 18:34:59.314,40.633132,40.533176
2024-06-01 18:34:59.826,40.633132,40.513695
2024-06-01 18:35:00.338,40.633132,40.513695
2024-06-01 18:35:00.850,40.633132,40.52283
2024-06-01 18:35:01.362,40.633132,40.52283
2024-06-01 18:35:01.874,40.633132,40.497868
2024-06-01 18:35:02.386,40.633132,40.497868
2024-06-01 18:35:02.898,40.633132,40.52283
2024-06-01 18:35:03.410,40.633132,40.504498
2024-06-01 18:35:03.922,40.633132,40.504498
2024-06-01 18:35:04.434,40.633132,40.504498
2024-06-01 18:35:04.946,40.633132,40.489838
2024-06-01 18:35:05.458,40.633132,40.522038
2024-06-01 18:35:05.970,40.633132,40.55195
2024-06-01 18:35:06.482,40.633132,40.55195
2024-06-01 18:35:06.994,40.633132,40.562428
2024-06-01 18:35:07.506,40.633132,40.50598
2024-06-01 18:35:08.018,40.633132,40.50571
2024-06-01 18:35:08.530,40.633132,40.50571
2024-06-01 18:35:09.042,40.633132,40.504498
2024-06-01 18:35:09.554,40.633132,40.54148
2024-06-01 18:35:10.066,40.633132,40.531174
2024-06-01 18:35:10.578,40.633132,40.531174
2024-06-01 18:35:11.090,40.633132,40.54148
2024-06-01 18:35:11.602,40.633132,40.52283
2024-06-01 18:35:12.114,40.633132,40.52283
2024-06-01 18:35:12.626,40.633132,40.52283
2024-06-01 18:35:13.138,40.633132,40.533176
2024-06-01 18:35:13.650,40.633132,40.472496
2024-06-01 18:35:14.162,40.633132,40.472496
2024-06-01 18:35:14.674,40.633132,40.472496
2024-06-01 18:35:15.186,40.633132,40.471954
2024-06-01 18:35:15.698,40.633132,40.561195
2024-06-01 18:35:16.210,40.633132,40.54398
2024-06-01 18:35:16.722,40.633132,40.54398
2024-06-01 18:35:17.234,40.633132,40.561195
2024-06-01 18:35:17.746,40.633132,40.561195
2024-06-01 18:35:18.258,40.633132,40.57106
2024-06-01 18:35:18.770,40.633132,40.57106
2024-06-01 18:35:19.282,40.633132,40.540806
2024-06-01 18:35:19.794,40.633132,40.519394
2024-06-01 18:35:20.306,40.633132,40.537636
2024-06-01 18:35:20.818,40.633132,40.537636
2024-06-01 18:35:21.330,40.633132,40.537636
2024-06-01 18:35:21.842,40.633132,40.55134
2024-06-01 18:35:22.354,40.633132,40.54398
2024-06-01 18:35:22.866,40.633132,40.54398
2024-06-01 18:35:23.378,40.633132,40.57106
2024-06-01 18:35:23.890,40.633132,40.54148
2024-06-01 18:35:24.402,40.633132,40.522038
2024-06-01 18:35:24.914,40.633132,40.522038
2024-06-01 18:35:25.426,40.633132,40.512974
2024-06-01 18:35:25.938,40.633132,40.54398
2024-06-01 18:35:26.450,40.633132,40.54398
2024-06-01 18:35:26.962,40.633132,40.54398
2024-06-01 18:35:27.474,40.633132,40.54398
2024-06-01 18:35:27.986,40.633132,40.512974
2024-06-01 18:35:28.498,40.633132,40.531174
2024-06-01 18:35:29.010,40.633132,40.5035
2024-06-01 18:35:29.522,40.633132,40.50107
2024-06-01 18:35:30.034,40.633132,40.52312
2024-06-01 18:35:30.546,40.633132,40.525555
2024-06-01 18:35:31.058,40.633132,40.525555
2024-06-01 18:35:31.570,40.633132,40.52312
2024-06-01 18:35:32.082,40.633132,40.545174
2024-06-01 18:35:32.594,40.633132,40.545174
2024-06-01 18:35:33.106,40.633132,40.545174
2024-06-01 18:35:33.618,40.633132,40.545174
2024-06-01 18:35:34.130,40.633132,40.50107
2024-06-01 18:35:34.642,40.633132,40.485207
2024-06-01 18:35:35.154,40.633132,40.485207
2024-06-01 18:35:35.666,40.633132,40.485207
2024-06-01 18:35:36.178,40.633132,40.542747
2024-06-01 18:35:36.690,40.633132,40.52497
2024-06-01 18:35:37.202,40.633132,40.52498
2024-06-01 18:35:37.714,40.633132,40.5476
2024-06-01 18:35:38.226,40.633132,40.547604
2024-06-01 18:35:38.738,40.633132,40.545174
2024-06-01 18:35:39.250,40.633132,40.545174
2024-06-01 18:35:39.762,40.633132,40.545174
2024-06-01 18:35:40.274,40.633132,40.52312
2024-06-01 18:35:40.786,40.633132,40.525555
2024-06-01 18:35:41.298,40.633132,40.525555
2024-06-01 18:35:41.810,40.633132,40.518597
2024-06-01 18:35:42.322,40.633132,40.542747
2024-06-01 18:35:42.834,40.633132,40.542747
2024-06-01 18:35:43.346,40.633132,40.542747
2024-06-01 18:35:43.858,40.633132,40.545174
2024-06-01 18:35:44.370,40.633132,40.50107
2024-06-01 18:35:44.882,40.633132,40.438698
2024-06-01 18:35:45.394,40.633132,40.438698
2024-06-01 18:35:45.906,40.633132,40.50107
2024-06-01 18:35:46.418,40.633132,40.56723
2024-06-01 18:35:46.930,40.633132,40.56723
2024-06-01 18:35:47.442,40.633132,40.56723
2024-06-01 18:35:47.954,40.633132,40.572083
2024-06-01 18:35:48.466,40.633132,40.505924
2024-06-01 18:35:48.978,40.633132,40.50107
2024-06-01 18:35:49.490,40.633132,40.50107
2024-06-01 18:35:50.002,40.633132,40.50107
2024-06-01 18:35:50.514,40.633132,40.56723
2024-06-01 18:35:51.026,40.633132,40.569656
2024-06-01 18:35:51.538,40.633132,40.569656
2024-06-01 18:35:52.050,40.633132,40.5648
2024-06-01 18:35:52.562,40.633132,40.542747
2024-06-01 18:35:53.074,40.633132,40.542747
2024-06-01 18:35:53.586,40.633132,40.542747
2024-06-01 18:35:54.098,40.633132,40.545174
2024-06-01 18:35:54.610,40.633132,40.52312
2024-06-01 18:35:55.122,40.633132,40.542267
2024-06-01 18:35:55.634,40.633132,40.542267
2024-06-01 18:35:56.146,40.633132,40.52312
2024-06-01 18:35:56.658,40.633132,40.545174
2024-06-01 18:35:57.170,40.633132,40.547604
2024-06-01 18:35:57.682,40.633132,40.547604
2024-06-01 18:35:58.194,40.633132,40.545174
2024-06-01 18:35:58.706,40.633132,40.46598
2024-06-01 18:35:59.218,40.633132,40.423756
2024-06-01 18:35:59.730,40.633132,40.423756
2024-06-01 18:36:00.242,40.633132,40.423756
2024-06-01 18:36:00.754,40.633132,40.542747
2024-06-01 18:36:01.266,40.633132,40.542747
2024-06-01 18:36:01.778,40.633132,40.542747
2024-06-01 18:36:02.290,40.633132,40.542747
2024-06-01 18:36:02.802,40.633132,40.542747
2024-06-01 18:36:03.314,40.633132,40.542747
2024-06-01 18:36:03.826,40.633132,40.542747
2024-06-01 18:36:04.338,40.633132,40.547604
2024-06-01 18:36:04.850,40.633132,40.5035
2024-06-01 18:36:05.362,40.633132,40.5035
2024-06-01 18:36:05.874,40.633132,40.5035
2024-06-01 18:36:06.386,40.633132,40.485207
2024-06-01 18:36:06.898,40.633132,40.518597
2024-06-01 18:36:07.410,40.633132,40.518597
2024-06-01 18:36:07.922,40.633132,40.518597
2024-06-01 18:36:08.434,40.633132,40.52312
2024-06-01 18:36:08.946,40.633132,40.52312
2024-06-01 18:36:09.458,40.633132,40.453648
2024-06-01 18:36:09.970,40.633132,40.453644
2024-06-01 18:36:10.482,40.633132,40.518593
2024-06-01 18:36:10.994,40.633132,40.542747
2024-06-01 18:36:11.506,40.633132,40.545174
2024-06-01 18:36:12.018,40.633132,40.545174
2024-06-01 18:36:12.530,40.633132,40.547604
2024-06-01 18:36:13.042,40.633132,40.547604
2024-06-01 18:36:13.554,40.633132,40.545174
2024-06-01 18:36:14.066,40.633132,40.545174
2024-06-01 18:36:14.578,40.633132,40.545174
2024-06-01 18:36:15.090,40.633132,40.52312
2024-06-01 18:36:15.602,40.633132,40.518597
2024-06-01 18:36:16.114,40.633132,40.518597
2024-06-01 18:36:16.626,40.633132,40.552742
2024-06-01 18:36:17.138,40.633132,40.552742
2024-06-01 18:36:17.650,40.633132,40.489998
2024-06-01 18:36:18.162,40.633132,40.489998
2024-06-01 18:36:18.674,40.633132,40.52312
2024-06-01 18:36:19.186,40.633132,40.52312
2024-06-01 18:36:19.698,40.633132,40.52312
2024-06-01 18:36:20.210,40.633132,40.52312
2024-06-01 18:36:20.722,40.633132,40.52312
2024-06-01 18:36:21.234,40.633132,40.52312
2024-06-01 18:36:21.746,40.633132,40.52312
2024-06-01 18:36:22.258,40.633132,40.52312
2024-06-01 18:36:22.770,40.633132,40.52312
2024-06-01 18:36:23.282,40.633132,40.545174
2024-06-01 18:36:23.794,40.562296,40.545174
2024-06-01 18:36:24.306,40.562296,40.545174
2024-06-01 18:36:24.818,40.562296,40.547604
2024-06-01 18:36:25.330,40.562296,40.5035
2024-06-01 18:36:25.842,40.633132,40.438698
2024-06-01 18:36:26.354,40.633132,40.438698
2024-06-01 18:36:26.866,40.633132,40.485207
2024-06-01 18:36:27.378,40.633132,40.542747
2024-06-01 18:36:27.890,40.633132,40.542747
2024-06-01 18:36:28.402,40.633132,40.542747
2024-06-01 18:36:28.914,40.633132,40.550034
2024-06-01 18:36:29.426,40.633132,40.52798
2024-06-01 18:36:29.938,40.633132,40.525555
2024-06-01 18:36:30.450,40.633132,40.525555
2024-06-01 18:36:30.962,40.633132,40.52312
2024-06-01 18:36:31.473,40.633132,40.345528
2024-06-01 18:36:31.985,40.633132,40.297188
2024-06-01 18:36:32.497,40.633132,40.297188
2024-06-01 18:36:33.009,40.633132,40.297188
2024-06-01 18:36:33.521,40.633132,40.518597
